2044 2735
542 147 628 186 232
888 129 968 171 DE
1004 126 1180 170 MOTV
1209 120 1517 168 CORPORJ'M

532 249 621 290 leat.
688 247 751 289 Ad
784 246 859 286 hoc
894 243 1175 297 explorandum
1213 244 1366 295 corpori
1400 239 1534 281 ADB
1575 239 1679 294 super
1720 241 1835 296 plano

535 313 737 366 quiescenti
779 312 815 350 in
856 309 927 349 basi
970 309 1007 348 A
1051 309 1226 360 alligetur
1268 306 1374 346 filum
1417 307 1518 359 quod
1552 306 1589 346 in
1625 307 1835 347 dircfftione

534 375 765 416 horizontali
799 374 878 413 AV
921 373 1094 413 tendatur
1126 372 1215 411 dato
1251 371 1417 422 pondere
1437 402 1447 420 ,
1480 370 1581 422 quod
1614 383 1689 423 ope
1708 371 1819 410 troch

530 438 612 479 leae
644 442 683 480 in
714 440 749 478 V
784 437 954 477 firmatae
986 433 1294 476 commodiffimc
1326 433 1410 473 fieri
1442 432 1576 486 potest.
1642 434 1734 489 Quo
1760 435 1835 474 iam

535 515 674 556 corpus
690 501 807 544 ADP,
825 501 870 539 ab
888 500 962 540 hoc
982 500 1151 552 pondere
1173 497 1422 551 protrahatur,
1445 495 1589 535 neceffe
1610 497 1663 536 est
1685 508 1723 536 vt
1741 509 1839 550 pon-

537 567 604 606 dus
623 569 701 607 vim
718 565 901 606 friestionis
934 568 1105 616 inperet3
1127 562 1289 613 hincque
1308 559 1544 601 manifestum
1565 560 1616 600 cst
1630 592 1639 608 ‚
1661 561 1840 614 quamdiu

537 631 685 683 pondus
696 632 818 670 minus
836 627 879 667 sit
897 627 1230 678 fi·i6tione‚corpus
1250 625 1285 662 in
1306 624 1432 676 quiete
1450 622 1526 662 effe
1541 626 1839 676 permanlurrm.

538 693 801 748 Quamobrem
824 690 929 731 filum
941 690 1013 730 AV
1037 704 1057 729 a
1075 691 1241 729 minimo
1260 686 1493 740 pondusculo
1513 688 1729 740 incipiendo
1748 700 1840 727 cou-

538 758 647 797 tinuo
680 755 884 796 maioribus
919 754 1103 803 tendatur,
1139 753 1262 792 donee
1294 763 1431 804 corpus
1465 752 1610 790 moueri
1647 751 1837 805 incipiat3

537 819 639 872 quod
673 819 854 868 eueniet,
888 830 1001 870 quam
1036 817 1203 869 primum
1239 814 1386 867 pondus
1420 826 1496 866 quo
1529 813 1638 853 filum
1659 814 1733 853 AV
1757 824 1842 854 ten·-

538 883 640 923 ditur
683 882 872 921 tantillum
913 879 1129 920 frictionem
1173 877 1372 930 superabit.
1458 878 1546 917 Hoc
1590 890 1680 929 ergo
1723 878 1841 930 pasto

538 946 622 986 satis
656 947 791 985 cxaCte
826 945 973 997 pondus
1006 942 1244 982 determinari
1279 940 1420 994 poterit
1449 939 1616 980 fric‘tioni
1659 941 1842 994 aequale,

538 1022 618 1062 quo
651 1011 808 1062 cognito
838 1007 992 1047 effeetus
1023 1006 1205 1045 fric‘tionis
1239 1005 1283 1044 ad
1333 1004 1519 1044 calculum
1561 1006 1732 1044 reuocari
1774 1017 1843 1058 po-

538 1073 639 1113 terit.
707 1072 764 1111 Sit
784 1072 895 1124 igitur
915 1070 944 1110 F
966 1070 1112 1122 pondus
1145 1067 1307 1108 friecioni
1327 1068 1564 1119 aequin-alens
1586 1099 1595 1117 ,
1629 1078 1740 1120 atque
1759 1080 1847 1108 cor-

540 1148 613 1188 pus
644 1133 777 1175 ADB
810 1135 902 1173 dum
936 1131 1045 1185 super
1076 1131 1189 1184 plano
1227 1129 1312 1170 OV
1355 1141 1464 1169 motu
1496 1131 1648 1170 radente
1690 1131 1846 1183 incedit,

539 1199 726 1237 continuo
745 1207 844 1237 retro
862 1196 1033 1235 trahetur
1052 1195 1091 1234 vi
1110 1193 1217 1245 :R
1245 1205 1340 1246 quae
1356 1193 1510 1245 corpori
1531 1194 1569 1233 in
1592 1191 1667 1247 ipfii
1686 1193 1759 1234 basi
1778 1206 1843 1248 ap-

540 1260 678 1316 plicata
697 1260 948 1313 concipienda
966 1259 1031 1300 est.
1076 1256 1201 1298 Simili
1221 1269 1339 1309 porro
1358 1257 1482 1296 modo
1499 1256 1628 1296 frie‘tio
1647 1257 1845 1297 cuiuscun-

540 1337 615 1378 que
633 1325 724 1364 alius
743 1323 915 1376 corporis
934 1335 1004 1376 per
1022 1321 1288 1374 experimenta
1316 1319 1511 1372 explorari
1532 1319 1657 1373 potest
1681 1335 1692 1372 ·,
1726 1333 1843 1374 expe-

542 1389 599 1427 dit
619 1399 745 1428 autem
772 1389 819 1427 ad
851 1386 925 1426 hoc
963 1386 1070 1427 filum
1099 1384 1183 1424 AV
1229 1383 1267 1421 in
1298 1386 1472 1435 corporis
1498 1384 1590 1423 loco
1618 1383 1753 1425 infimo
1779 1397 1847 1437 ap-

542 1452 675 1504 plicari
697 1482 707 1501 ,
746 1451 803 1489 vti
830 1450 963 1489 monui
984 1482 993 1499 ,
1028 1461 1138 1501 quam
1159 1448 1196 1487 in
1216 1446 1421 1485 sublimiori
1441 1479 1451 1498 ,
1487 1460 1530 1486 vt
1550 1460 1618 1500 per
1644 1447 1740 1487 hanc
1762 1449 1845 1489 vim

542 1513 653 1555 simul
685 1523 839 1552 conatus
878 1512 1062 1551 frietionis
1103 1522 1241 1563 corpus
1281 1509 1509 1549 subuertcudi
1560 1510 1777 1550 destruatur.

661 1576 695 1624 §.
737 1583 804 1617 18.
842 1575 956 1630 Quod
989 1575 1033 1614 ad
1065 1574 1314 1627 quantitatem
1348 1573 1531 1613 fruitionis
1563 1573 1593 1613 F
1627 1574 1778 1623 attinet,
1805 1585 1848 1613 ea

543 1639 712 1693 primum
746 1639 791 1678 ab
824 1639 1018 1691 asperitate
1051 1650 1140 1677 cnm
1176 1636 1278 1689 plani
1314 1636 1396 1675 OV
1432 1646 1514 1675 tum
1548 1636 1637 1675 basis
1676 1648 1849 1688 corporis

546 1702 630 1744 AB
663 1702 873 1755 plurimum
909 1702 1075 1754 pendet,
1110 1701 1159 1738 ita
1194 1710 1266 1749 vt,
1311 1712 1387 1751 quo
1427 1698 1588 1752 asperius
1632 1699 1741 1737 suerit
1782 1700 1847 1740 rel

545 1765 765 1806 alterutrum
801 1765 862 1803 vel
899 1775 1104 1815 Vtrumque
1124 1795 1134 1813 ,
1168 1775 1216 1801 co
1249 1763 1374 1802 maior
1407 1762 1539 1801 euadat
1570 1761 1726 1802 frictio:
1771 1762 1847 1803 hoc

548 1840 677 1869 mrtem
715 1841 734 1867 a
770 1827 887 1880 priori
920 1826 1131 1866 commode
1167 1825 1379 1864 mensurare
1413 1838 1489 1864 non
1526 1825 1625 1865 licet.
1694 1823 1849 1866 Deinde

545 1892 671 1933 sristio
707 1891 941 1944 potissimum
976 1889 1202 1942 apprcslioni
1236 1888 1408 1940 corporis
1439 1889 1484 1928 ad
1520 1889 1676 1941 planum
1696 1892 1850 1942 relpon-

547 1957 634 2004 det,
669 1956 716 1994 ita
751 1965 793 1993 vt
826 1967 902 2007 quo
938 1954 1060 1993 maior
1094 1952 1199 1991 suerit
1233 1951 1368 2004 prtssio
1403 1953 1574 2004 corporis
1608 1954 1642 1992 in
1679 1953 1849 2006 planum,

549 2020 587 2060 in
622 2019 754 2058 eadem
791 2019 934 2057 ratione
966 2015 1292 2068 frictio-augeatur.
1358 2016 1747 2068 Apprimiturautem
1767 2029 1850 2057 cor-

549 2095 620 2139 pus
649 2082 694 2121 ad
729 2081 882 2136 planum
919 2081 956 2120 vi
990 2080 1137 2135 proprii
1170 2079 1370 2133 ponderis,
1401 2091 1479 2134 quo
1513 2078 1686 2121 deorsum
1720 2081 1854 2120 nititur

1806 2157 1849 2184 m
