2044 2735
216 150 300 196 DE
329 147 673 193 GLANDVLIS
689 142 1022 195 RENALIBVS
1041 142 1370 191 EVSTACHH.
1445 147 1532 197 5363

215 279 389 312 meantes
423 269 519 310 haud
551 268 672 310 solidis
705 279 743 310 et
776 269 991 324 imperuiis,
1025 276 1070 307 vt
1100 276 1211 309 extra
1230 278 1382 319 renem,
1410 277 1538 307 mem-

217 335 344 375 branis
375 335 610 375 constructae
630 367 640 386 ,
675 347 813 376 verum
848 334 1086 388 vndiquaque
1129 332 1177 372 fic
1212 332 1363 386 perui-ae
1395 339 1435 371 et
1453 341 1540 384 per-

216 399 358 439 foratae
391 399 473 439 sunt
493 432 503 450 ,
537 409 581 439 vt
614 411 682 454 per
713 403 926 442 tunicarum
961 397 1158 438 interstitia
1185 395 1285 436 haud
1303 397 1402 436 secus
1419 406 1537 448 quam

217 476 290 517 per
309 463 495 504 direEtum
515 465 654 504 canalis
674 497 686 515 ,
719 467 780 504 via
814 462 1014 504 constituta
1055 461 1112 501 sit.
1179 458 1221 499 Si
1257 472 1354 499 nunc
1389 459 1540 500 creber-

216 529 316 568 rima
356 529 572 579 foramina,
606 537 652 567 vt
691 540 749 568 res
777 526 959 577 fortuita,
999 534 1038 565 et
1082 533 1129 564 vt
1154 522 1314 563 effectus
1354 522 1539 563 dilacera-

219 592 335 632 tionis
367 591 606 631 vasculorum
650 591 855 632 lateralium
877 624 888 643 ,
931 601 952 628 a
985 586 1176 628 nonnullis
1222 587 1324 626 credi
1365 584 1540 636 vellent,

218 655 297 708 ipsi
333 656 475 708 opinor
508 653 766 696 conformatio
801 653 1061 704 foraminum,
1092 664 1187 705 quae
1219 650 1332 691 omni
1365 660 1419 689 ex
1453 661 1543 702 par-

217 726 256 758 te
289 720 327 759 in
363 718 530 759 modum
564 718 674 758 cribri
708 719 788 759 sunt
819 717 991 772 disposita
1011 750 1023 769 ,
1057 726 1115 768 et,
1147 716 1249 769 quod
1282 714 1373 755 hinc
1406 712 1542 752 conle-

217 783 345 836 quitur
366 815 376 834 ,
413 783 525 822 subita
575 784 676 822 renis
708 782 993 823 intumescentia
1015 814 1026 833 ‚
1068 794 1165 835 quae
1207 792 1294 821 ante
1327 777 1539 819 lectionem

219 858 292 899 per
324 857 446 886 venae
481 846 719 887 inflationem
753 847 947 898 efficitur,
981 857 1140 886 omnem
1174 857 1219 885 ea
1254 847 1303 886 de
1335 857 1374 885 re
1393 840 1541 883 dubita·

217 911 368 950 tionem
403 910 605 950 adimunt:
648 911 776 967 Quam
816 911 1162 951 conformationem
1205 908 1434 963 peculiarem
1468 915 1540 943 ve·

215 985 352 1013 narum
374 1007 385 1026 ,
420 975 524 1014 cuius
562 975 602 1013 in
637 973 684 1015 C.
720 976 774 1015 H.
809 975 952 1028 duplex
995 973 1226 1026 exemplum
1261 975 1445 1014 duntaxat
1478 968 1540 1007 Vi-

217 1038 358 1077 delicet
392 1038 431 1078 in
465 1038 565 1078 liene
585 1070 595 1089 ,
630 1040 805 1080 virorum
847 1039 998 1092 organis
1028 1036 1280 1090 genitalibus,
1313 1037 1415 1078 mihi
1449 1036 1540 1078 hac-

218 1111 329 1141 tenus
361 1103 562 1154 cognitum
597 1103 652 1143 est
672 1135 683 1155 ‚
715 1116 790 1157 ego
822 1113 1024 1156 propterea
1058 1111 1165 1140 tanto
1198 1103 1321 1155 magis
1355 1101 1432 1142 sum
1459 1094 1538 1143 mi·

220 1175 347 1215 ratus,
393 1167 496 1218 quod
536 1165 609 1206 illis
661 1168 810 1207 renibus
830 1198 840 1218 ,
874 1166 917 1221 fl
938 1164 1137 1219 glandulae
1170 1163 1274 1218 effivit
1294 1197 1305 1217 ,
1346 1174 1393 1205 vt
1424 1177 1540 1206 com·

221 1229 348 1267 munis
386 1230 522 1282 opinio
563 1229 646 1282 est,
690 1241 771 1271 tum
815 1240 860 1270 vt
894 1230 932 1268 in
966 1241 1075 1269 venis
1111 1228 1373 1282 glandularum
1406 1229 1540 1271 similis

221 1292 399 1331 striic‘tura
429 1305 450 1332 a
484 1293 632 1334 Diuino
666 1293 820 1347 Opifice
861 1293 997 1333 tributa
1030 1291 1182 1332 fuisset:
1219 1304 1312 1346 quae
1346 1304 1537 1336 venarum

219 1355 495 1408 perfinitiones
529 1359 566 1396 iii
600 1357 816 1411 glandulis,
848 1367 1032 1412 quantum
1074 1356 1152 1397 scio
1173 1388 1186 1409 ,
1221 1369 1242 1397 a
1276 1358 1437 1399 nemine
1468 1358 1536 1400 ha-

217 1419 350 1460 &enus
399 1419 612 1462 obseriiatae
651 1421 744 1462 sunt.

339 1482 477 1536 Mihi,
521 1495 565 1525 vt
606 1483 860 1527 CASPARO
912 1482 1289 1527 BARTHOLINO
1334 1484 1537 1539 primum,

220 1555 259 1586 et
307 1549 498 1588 nonnullis
541 1551 784 1589 Anatomicis
824 1550 1015 1601 contigit,
1051 1552 1202 1602 semper
1242 1549 1397 1602 quidem
1435 1551 1540 1590 caui-

224 1620 277 1649 tas
319 1612 471 1665 aliqua,
516 1624 554 1652 et
588 1624 631 1653 vt
663 1626 739 1653 non
784 1626 869 1653 raro
901 1613 1036 1652 accidit
1055 1646 1066 1664 ,
1111 1625 1178 1665 per
1209 1612 1538 1665 compressionem

225 1674 388 1715 cffluxus
428 1687 579 1715 cruenta
601 1707 611 1726 ,
655 1677 718 1717 vel
751 1677 868 1730 aliqua
904 1677 1124 1729 perflatum
1158 1677 1342 1730 expansio
1374 1677 1540 1730 spectata

223 1737 335 1789 sunt,
372 1752 506 1779 verum
543 1750 670 1780 tamen
691 1774 701 1792 ,
738 1753 831 1779 num
853 1741 916 1780 illa
950 1741 1115 1790 caiiitas,
1158 1750 1203 1779 vt
1239 1740 1539 1794 perfectionem

225 1803 426 1855 conspicua
461 1803 540 1855 est,
573 1804 620 1843 fic
655 1818 675 1844 a
711 1815 841 1844 natura
875 1801 1124 1844 constructa?
1156 1813 1289 1844 Vtrum
1325 1805 1482 1846 solitaria
1501 1815 1541 1845 ct

228 1864 417 1917 simplex?
451 1879 495 1905 an
530 1879 624 1907 vero
657 1868 859 1920 multiplex
894 1878 931 1907 et
948 1867 1162 1922 composita
1198 1866 1276 1907 sit?
1309 1869 1388 1908 iure
1423 1869 1541 1910 meri-

230 1938 347 1979 toque
386 1930 634 1971 dubitandum
678 1932 729 1971 est
750 1964 759 1981 ,
803 1932 1001 1985 postquam
1035 1944 1156 1984 neque
1190 1932 1327 1984 partim
1363 1932 1410 1972 ab
1444 1933 1540 1974 EV-

229 1989 475 2033 STACHlO
513 1995 640 2046 primo
672 1996 826 2035 illorum
860 2009 992 2036 renum
1034 1997 1234 2036 inuentore
1254 2029 1263 2045 ,
1297 1994 1370 2047 ipsa
1402 1998 1541 2036 caiiitas

229 2055 379 2108 eiusque
418 2057 633 2097 constitutio
683 2061 808 2099 minus
854 2060 1035 2113 descripta
1075 2060 1213 2109 flierit,
1258 2061 1397 2112 partim
1440 2061 1542 2099 circa

231 2120 393 2160 eandem
443 2123 674 2163 recentiores
718 2123 989 2174 descriptiones
1038 2136 1175 2178 parum
1226 2123 1290 2163 sibi
1339 2123 1540 2174 constent,

805 2183 843 2225 Z
862 2198 885 2225 z
903 2199 927 2225 2
1447 2188 1541 2227 aliae
