2044 2735
498 138 518 169 ι
529 128 586 180 56
791 121 873 166 DE
906 116 1075 165 Mow
1105 113 1539 163 OSCILLATORIO

493 245 548 284 dis
590 239 711 294 probe
751 241 872 282 notari
922 239 1047 279 debet.
1133 236 1318 280 Ceterum
1359 235 1426 278 etsi
1475 235 1586 276 filum
1627 234 1714 275 ΟΑ
1747 233 1803 276 est

493 304 626 349 flexile
649 338 660 357 ,
695 304 912 346 dummodo
946 303 988 343 fit
1021 302 1277 344 tenuiffimum
1299 334 1310 355 ‚
1352 298 1728 342 inter'oscinandum
1761 300 1803 340 in

493 368 680 412 directum
713 369 883 409 manebit
916 367 1128 407 extensum.

613 435 723 483 §.41
762 433 854 488 Quo
894 430 970 470 hoc
1004 431 1137 470 clarius
1170 439 1296 483 pateat
1329 429 1586 469 substituamus
1623 426 1711 466 loco
1745 424 1803 467 fili

491 499 605 553 rigidi
645 497 766 549 OV,
799 496 859 535 cui
900 507 1038 547 corpus
1079 494 1131 533 est
1173 494 1366 546 alligatum
1390 526 1400 544 ,
1443 492 1576 532 funem
1610 492 1669 531 seu
1702 499 1801 530 cate·

493 576 580 604 nam
615 561 704 602 OA
738 557 904 614 perfecte
938 557 1109 597 ssexilem
1130 590 1140 608 ,
1175 557 1358 610 simulque
1386 555 1599 596 naturaliter
1626 566 1802 606 grauem.

491 625 735 669 Manifestum
769 635 861 674 ergo
894 620 946 661 est
979 620 1080 661 hunc
1110 620 1240 660 funem
1274 622 1370 661 inter
1402 618 1644 658 oscillandum
1676 617 1802 659 incur-

492 699 628 730 vatum
660 688 736 739 iri,
770 687 872 726 cuius
906 685 1066 737 proinde
1100 693 1295 724 curuatura
1329 692 1413 722 aute
1447 682 1657 734 inuestigari
1676 681 1805 733 debet,

492 765 608 807 quam
643 761 796 792 motum
831 747 1103 789 oscillatorium
1136 746 1295 787 definire
1328 746 1450 785 liceat.
1522 745 1582 786 Sit
1614 745 1728 796 igitur
1761 744 1802 786 Ο

492 815 591 858 MA
625 815 689 856 illa
721 825 835 854 curua
869 824 984 866 quam
1018 810 1115 851 funis
1149 811 1248 850 inter
1281 809 1523 850 oscillandum
1556 810 1714 860 format,
1746 818 1800 848 at-

491 891 566 933 que
601 891 736 931 corpus
770 875 846 919 AB
876 883 1030 928 gyrctur
1064 875 1163 916 circa
1197 873 1381 928 punctum
1413 873 1464 912 V.
1517 873 1682 913 Ponatur
1715 884 1804 911 cor1

491 943 596 996 poris
627 940 712 983 AB
746 940 892 995 pondus
909 952 966 978 z
984 938 1014 979 P
1032 971 1043 991 ,
1077 939 1227 992 eiusque
1262 947 1502 977 momentum
1521 935 1692 989 respec‘tu
1721 935 1804 975 axis

492 1005 744 1046 horizontalis
778 1016 848 1058 per
881 1014 1053 1044 centrum
1087 1002 1279 1055 grauitatis
1312 1000 1350 1043 G
1385 1001 1487 1041 ducii
1522 1010 1632 1053 atque
1664 999 1740 1080 axib
1762 999 1802 1040 O

1752 1055 1770 1080 b

492 1076 658 1131 paralleli
693 1089 749 1115 Ξ
782 1072 905 1116 Phh.
974 1073 1087 1128 Quod
1122 1072 1149 1112 si
1184 1072 1262 1112 iam
1304 1071 1472 1124 capiatur
1513 1068 1552 1112 G
1572 1067 1597 1110 S
1631 1082 1687 1109 z:
1722 1090 1770 1124 νδ
1790 1101 1803 1121 ,

491 1141 553 1181 vis
584 1140 757 1194 requisita
789 1138 837 1179 ad
867 1146 1021 1177 motum
1055 1135 1320 1175 oscillatorium
1353 1135 1392 1174 in
1426 1146 1588 1187 corpore
1621 1131 1704 1174 AB
1739 1146 1804 1187 ge-

492 1211 701 1252 nemndum
734 1211 805 1250 erit
837 1222 893 1248 z
926 1196 1008 1266 33⁵3-
1028 1237 1039 1257 ,
1071 1205 1293 1258 applicanda
1334 1205 1372 1244 in
1404 1204 1551 1258 puncto
1585 1202 1610 1243 S
1646 1215 1800 1243 norma-

494 1272 582 1314 liter
601 1275 646 1315 ad
679 1273 756 1316 AB
774 1273 910 1313 scilicet
937 1273 975 1311 in
997 1270 1205 1311 directione
1225 1267 1250 1308 S
1272 1282 1302 1310 s.
1340 1269 1399 1308 At
1427 1267 1479 1308 ob
1504 1268 1667 1308 rationes
1695 1268 1803 1320 supra

492 1338 669 1391 allegatas
708 1338 806 1378 han:
845 1336 1004 1377 candem
1048 1334 1131 1372 vim
1174 1333 1212 1371 in
1247 1332 1454 1372 diree'tione
1495 1331 1684 1370 contraria
1717 1329 1743 1371 S
1762 1331 1814 1388 Q

493 1402 722 1454 applicatam
772 1401 1045 1452 concipiamus.
1114 1395 1268 1436 Deinde
1300 1395 1452 1448 quaeuis
1483 1395 1579 1434 funis
1620 1394 1803 1446 particula

495 1476 552 1515 x,
585 1466 689 1504 cuius
723 1460 842 1504 massa
878 1463 921 1502 sit
953 1474 1009 1501 z
1028 1461 1083 1513 dp
1116 1471 1332 1511 percurrere
1363 1458 1475 1497 debet
1507 1457 1706 1510 spatiolum
1740 1464 1804 1499 ,τί

495 1536 674 1580 tempore
718 1525 944 1578 longitudini
979 1521 1132 1578 penduli
1173 1521 1351 1575 simplicis
1371 1520 1407 1576 f
1431 1520 1654 1571 conformi,
1699 1521 1804 1560 ideo-

497 1609 569 1650 que
602 1595 748 1637 necesse
783 1596 847 1647 est,
880 1604 922 1634 vt
942 1596 980 1634 iu
1011 1592 1220 1634 directione
1250 1598 1308 1633 ,τί
1341 1600 1517 1643 vrgeatur
1535 1590 1574 1629 vi
1594 1602 1648 1627 z
1666 1577 1801 1650 ”sdffi

497 1659 597 1700 hanc
631 1673 727 1700 vero
761 1660 901 1713 pariter
934 1660 970 1697 in
1004 1656 1213 1698 diretstiouc
1250 1655 1436 1695 contraria
1469 1666 1539 1694 xz
1573 1648 1803 1706 applicatam

499 1735 720 1775 ponemus·,
773 1732 817 1762 vt
859 1734 995 1761 omncs
1036 1720 1122 1759 istae
1160 1719 1261 1758 vires
1302 1730 1389 1757 cum
1422 1717 1562 1756 viribus
1595 1729 1732 1770 corpus
1763 1729 1803 1758 ct

499 1784 628 1826 fimem
663 1787 748 1826 aCtu
780 1785 1057 1824 sollicitantibus
1088 1783 1126 1821 in
1159 1781 1377 1834 aequilibrio
1411 1780 1607 1819 consistere
1626 1780 1800 1822 debcant.

613 1850 635 1898 ξ
673 1863 747 1900 42.
785 1848 1012 1901 Incipiamus
1055 1859 1075 1886 a
1119 1845 1260 1884 flexura
1303 1844 1341 1883 A
1375 1844 1413 1882 in
1448 1856 1558 1895 quam
1593 1855 1709 1895 agunt
1745 1845 1803 1885 vis

497 1920 686 1972 grauitatis
719 1918 888 1971 corporis
920 1917 948 1957 P
983 1917 1019 1955 in
1053 1913 1263 1954 discestione
1295 1911 1332 1954 G
1354 1912 1382 1952 P
1414 1923 1451 1951 ct
1485 1914 1543 1952 vis
1573 1903 1656 1973 2.qu
1684 1918 1720 1956 m
1747 1917 1805 1957 di-

496 1990 668 2031 reetionc
700 1987 726 2030 S
747 1989 807 2045 Q,
841 1988 934 2028 illius
951 1995 1196 2028 momentum
1231 1984 1282 2023 cst
1315 1996 1368 2023 Ξ
1398 1973 1571 2039 ἓζῗὲἕ,
1609 1985 1716 2027 huius
1738 2000 1801 2029 xc-

498 2080 546 2111 to
578 2078 822 2110 momentum
862 2066 916 2109 cst
949 2079 1005 2106 2-
1037 2053 1118 2124 ‘'1⁶¹²’'
1139 2061 1205 2106 AS
1227 2051 1379 2124 :P'Jg
1398 2061 1498 2121 (AG
1519 2046 1663 2117 -θ-Ιὲὲ)
1703 2066 1806 2105 vnde

1733 2136 1806 2169 crit
