2044 2735
532 119 622 158 228
839 109 921 153 DE
972 105 1146 152 MOTV
1199 103 1513 152 CORPORVM

519 231 640 272 lineae
672 240 806 270 curuae
824 262 835 283 ‚
867 229 913 271 ad
953 240 1070 283 quam
1108 226 1389 269 describendam
1420 237 1559 280 corpus
1594 225 1742 279 cogitur
1765 224 1836 268 erit

597 291 671 315 2l'll'2v

522 314 631 327 —-

522 334 577 343 -ι

629 332 648 355 Ν
688 333 696 342 .

642 367 677 414 §.
704 378 774 405 12.
808 366 872 406 Ad
915 374 1043 406 motus
1095 364 1267 405 rotatorii
1321 373 1446 404 autem
1499 363 1758 403 mutationem
1809 375 1832 403 a

527 429 670 470 viribus
708 430 989 470 sollicitantibus
1039 428 1329 482 prouenientem
1365 427 1667 480 cognoscendam
1691 458 1700 476 ‚
1745 438 1834 466 mo-

527 503 703 534 mentum
738 494 895 534 inertiae
940 493 1112 546 corporis
1161 491 1327 545 respectu
1377 492 1458 531 axis
1497 491 1700 530 rotationis
1740 502 1835 544 cog-

529 558 654 598 nitum
689 554 766 596 effe
804 557 945 608 debet,
986 556 1087 609 quod
1130 553 1182 594 est
1220 555 1367 594 summa
1407 556 1583 594 omnium
1627 554 1836 607 producsto·

528 632 615 661 rum
637 654 647 671 ,
683 632 778 673 quae
821 621 993 659 oriuntur
1026 619 1051 659 si
1094 617 1235 670 singula
1269 619 1442 670 corporis
1476 618 1667 657 elementa
1700 617 1835 657 multi-

529 684 719 737 plicentur
755 684 940 737 respetiue
980 695 1048 735 per
1088 682 1263 735 quadrata
1299 682 1556 721 distantiarum
1601 681 1748 721 suarum
1789 680 1837 721 ab

530 760 604 796 axe
636 747 866 797 rotationis,
901 755 1146 786 momentum
1182 757 1275 797 ergo
1310 745 1466 784 inertiae
1509 744 1584 784 hoc
1626 746 1697 783 erit
1739 757 1836 797 pro·

527 810 686 850 ductum
720 822 771 849 ex
805 807 924 850 maffa
956 809 1127 863 corporis
1162 807 1208 848 M
1259 809 1298 847 in
1346 808 1568 862 quadratum
1623 809 1835 860 cuiuspiam

530 873 651 913 lineae
676 874 802 914 rectae
821 886 915 926 quae
947 873 990 913 sit
1010 886 1062 912 :z
1081 871 1110 913 h
1143 871 1194 911 ita
1228 880 1271 910 vt
1304 881 1548 911 momentum
1590 871 1745 910 inertiae
1779 872 1837 911 fu-

529 944 658 977 turum
714 937 758 977 sit
810 950 866 976 :t
911 936 958 977 M
986 929 1061 977 h².
1153 933 1305 974 Deinde
1356 936 1497 974 virium
1550 934 1835 974 sollicitantium

529 1010 775 1041 momentum
798 1034 808 1052 ,
850 1000 1008 1040 tendens
1047 999 1092 1038 ad
1134 1010 1270 1051 corpus
1319 999 1418 1038 circa
1470 1010 1584 1038 axem
1637 997 1838 1037 rotationis

529 1065 831 1104 conuertendum
865 1064 993 1116 quaeri
1027 1070 1207 1114 oportet,
1254 1061 1354 1114 quod
1397 1061 1470 1100 erit
1510 1061 1741 1113 produehxm
1784 1072 1837 1102 ex

528 1126 572 1165 vi
627 1127 655 1166 P
702 1128 742 1166 in
796 1126 937 1165 lineam
988 1125 1173 1177 quandam
1223 1123 1246 1163 k
1295 1123 1353 1162 sen
1386 1125 1455 1163 crit
1504 1123 1607 1163 :P
1631 1125 1665 1165 k.
1731 1123 1839 1163 Tum

528 1188 557 1231 sl
591 1187 701 1228 fuerit
731 1187 865 1244 puneti
897 1187 1070 1241 corporis
1103 1187 1150 1226 ab
1183 1197 1257 1226 axe
1292 1187 1491 1226 rotationis
1521 1187 1683 1227 distantis
1722 1186 1841 1226 inter-

529 1259 637 1299 vallo
655 1272 711 1298 Ξ
729 1274 750 1301 c
767 1259 938 1300 celeritas
967 1258 1089 1298 debita
1122 1256 1308 1297 altitudini
1327 1269 1350 1296 u
1369 1256 1436 1297 fiet
1453 1257 1482 1298 d
1494 1269 1516 1296 u
1534 1262 1661 1312 :ss
1685 1243 1810 1310 ΡῙῙᾏῘΩΜ
1826 1290 1840 1310 ,

528 1323 624 1363 dum
659 1324 737 1364 hoc
772 1323 955 1377 punctum
973 1330 1083 1362 motu
1109 1323 1171 1362 suo
1197 1320 1358 1361 arculum
1390 1322 1418 1362 d
1432 1332 1456 1374 q
1490 1322 1596 1361 radio
1620 1334 1640 1361 c
1666 1323 1766 1362 circa
1799 1335 1841 1362 a·

530 1398 626 1427 xem
645 1387 816 1427 absoluit.
880 1385 921 1426 Si
941 1386 1038 1424 vires
1055 1383 1290 1424 sollicitantes
1325 1385 1482 1424 tendant
1517 1385 1562 1425 ad
1593 1397 1706 1425 axem
1735 1396 1842 1425 rota·

532 1449 646 1488 tionis
679 1451 798 1503 ipsum
832 1448 1078 1498 mutandum,
1113 1449 1214 1500 isque
1247 1460 1325 1486 non
1359 1447 1522 1487 firmiter
1541 1448 1578 1486 in
1599 1448 1665 1487 situ
1688 1448 1750 1489 suo
1777 1449 1841 1489 de·

533 1511 726 1564 timeatur,
760 1521 843 1551 tum
877 1512 1007 1563 vtique
1026 1511 1106 1549 axis
1139 1512 1338 1550 rotationis
1373 1510 1610 1550 inclinabitur
1629 1542 1639 1561 ,
1670 1525 1741 1565 qua
1773 1525 1840 1553 au·

533 1581 612 1614 tem
632 1574 716 1627 lege
750 1574 828 1614 hoc
862 1573 928 1614 fiat
950 1605 960 1623 ‚
994 1574 1205 1612 etiamnum
1239 1586 1317 1612 non
1351 1575 1402 1613 est
1433 1573 1645 1613 definitum.

649 1638 684 1684 §.
726 1651 789 1688 13.
831 1638 902 1678 His
935 1637 1079 1689 legibus
1111 1646 1239 1676 motus
1273 1637 1512 1690 adpraesens
1539 1637 1749 1675 institutum
1771 1650 1839 1676 ne-

534 1697 701 1740 cessariis
734 1701 939 1754 praemissis
973 1712 1094 1752 pergo
1127 1700 1174 1739 ad
1210 1710 1363 1740 motum
1399 1712 1609 1752 corporum
1630 1702 1736 1752 {uper
1756 1702 1835 1753 pla-

534 1776 588 1803 no
622 1763 853 1803 horizontali
888 1765 1021 1816 aspero
1054 1761 1197 1802 factum
1232 1772 1313 1802 tam
1349 1762 1621 1816 progrcssiuum
1641 1775 1755 1813 quam
1775 1775 1836 1803 ro-

534 1827 718 1866 tatorium
754 1826 1066 1866 considerandum
1088 1859 1098 1877 ,
1133 1838 1250 1878 quem
1288 1827 1325 1866 in
1369 1826 1439 1865 hac
1483 1824 1743 1865 dissertatione
1786 1837 1838 1867 ex

534 1891 670 1943 primis
701 1890 896 1942 principiis
933 1901 1063 1928 eruere
1083 1889 1270 1928 constitui.
1339 1890 1397 1929 Ac
1427 1890 1555 1942 primo
1574 1890 1731 1942 quidem
1753 1903 1840 1942 per·

534 1954 704 2007 spicuum
740 1954 792 1993 est
824 1955 1049 2005 grauitatem
1083 1953 1129 1991 ad
1173 1961 1325 1990 motum
1378 1966 1496 2005 neque
1547 1953 1837 1994 accelerandum

535 2030 607 2057 nec
642 2017 906 2057 retardandum
935 2017 1135 2070 quicquam
1154 2014 1356 2067 couter1e3
1402 2018 1585 2067 quomam
1620 2019 1727 2056 enim
1761 2018 1840 2059 eius

535 2081 700 2122 directio
730 2081 775 2120 ad
809 2081 967 2135 planum
1001 2079 1240 2120 horizontale
1261 2079 1444 2120 normalis
1474 2080 1527 2122 cst
1546 2113 1556 2133 ‚
1592 2090 1670 2122 tota
1705 2081 1745 2120 in
1771 2094 1840 2134 ap-

1742 2145 1843 2198 prcss
