2044 2735
516 111 608 152 174
810 95 891 140 DE
930 93 1096 138 SONIS
1125 92 1221 139 MV
1225 96 1300 142 LT
1297 93 1501 147 IFARIIS

514 215 664 257 alterius
695 211 935 254 oscillationis
955 246 966 265 ‚
998 214 1084 267 quia
1117 214 1369 256 oscillationes
1402 213 1483 254 sunt
1514 213 1633 254 veluti
1676 211 1824 255 infinite

515 289 669 333 paruae.
715 277 822 330 Ergo
843 277 1093 317 osc-illationes
1110 279 1265 318 cuiusuis
1284 278 1419 331 speciei
1440 278 1597 330 perinde
1616 277 1730 328 fient,
1750 279 1825 318 siue

515 337 660 382 lamina
679 341 785 380 omni
805 340 873 380 alia
894 340 1129 382 oscillatione
1145 342 1316 382 destituta
1334 342 1378 381 sit
1399 374 1408 392 ‚
1443 341 1514 381 siue
1534 342 1622 381 alias
1641 342 1746 382 simul
1765 339 1824 379 os-

516 406 729 445 cillationes
748 403 929 456 perficiat.
964 404 1009 445 In
1030 404 1182 445 laminis
1208 405 1332 445 liberis
1349 438 1359 456 ‚
1392 417 1547 457 quarum
1576 405 1827 445 oscillationes

517 469 670 510 iamiam
680 468 994 520 examinabimus,
1003 468 1109 522 fitepe
1119 478 1190 509 tres
1199 478 1404 523 quatuorue
1423 468 1534 508 sonos
1543 469 1649 509 simul
1660 469 1828 522 percepi.

637 533 672 581 §.
709 531 786 571 IX.
833 532 938 572 Haec
980 531 1074 583 lunt,
1108 545 1201 585 quae
1219 542 1442 584 argumento
1477 533 1604 572 nostro
1646 541 1827 585 praemit-

517 596 631 637 tenda
665 593 741 634 effe
776 596 935 648 putaui3
972 596 1049 635 iam
1083 596 1194 648 igitur
1224 596 1515 650 progrediemur
1548 596 1593 635 ad
1626 595 1828 635 secundum

519 659 798 700 oscillationum
834 668 871 698 et
904 659 1083 698 sonorum
1117 659 1204 698 inde
1243 659 1496 699 form-‚nortun
1538 671 1654 712 genus
1676 692 1687 710 ,
1727 659 1832 698 cuius

519 725 762 763 mentionem
803 722 872 761 feci
912 722 951 761 in
996 722 1030 770 §.
1073 721 1128 762 11.
1164 723 1353 776 quaeritur
1385 734 1556 775 nempe!
1592 724 1653 775 qui
1685 721 1831 761 oscilla-

519 788 646 826 tiones
672 785 765 826 fiant
807 794 845 824 et
886 785 969 838 quis
1007 784 1117 825 sonus
1149 796 1377 838 generetur,
1411 786 1436 826 si
1470 786 1611 825 lamina
1644 786 1828 836 chalyben

519 849 636 903 paulo
670 848 821 890 craffior
869 860 891 887 e
933 848 1002 889 filo
1043 848 1211 902 suspensa
1244 850 1505 903 percutiatur;
1542 849 1628 889 huic
1663 849 1831 889 examini

520 912 646 953 anfitm
682 912 779 953 mihi
812 911 996 952 dederunt
1030 914 1295 966 experimenta
1315 946 1325 965 ,
1359 925 1559 966 quaecum
1593 913 1828 966 prismatibus
1862 962 1866 967 Ι

520 975 743 1028 clmlybeis,
776 976 985 1016 cuiusmodi
1003 976 1041 1015 in
1073 976 1284 1029 horologiis
1326 988 1397 1029 pro
1424 977 1533 1015 variis
1565 976 1762 1015 cantilenis
1782 975 1829 1014 ab

521 1049 718 1080 automato
766 1039 973 1079 formandis
1017 1039 1199 1080 adlubent
1243 1037 1378 1094 (Gallis
1410 1050 1596 1079 vocantur
1629 1035 1829 1091 Carillons)

523 1103 772 1143 institueram.
850 1102 955 1142 Haec
998 1102 1174 1155 prismata
1203 1102 1362 1143 craffitie
1396 1111 1470 1142 tres
1502 1104 1651 1142 circiter
1683 1102 1799 1141 lineas
1818 1132 1829 1152 ,

521 1165 720 1207 latitudine
762 1168 791 1202 6
831 1164 898 1204 lin.
943 1165 1151 1218 aequabant
1184 1175 1222 1205 et
1252 1166 1493 1218 longitudine
1524 1179 1546 1205 a
1578 1177 1740 1219 quatuor
1770 1176 1830 1203 vs-

524 1241 599 1284 que
633 1229 679 1269 ad
717 1235 738 1270 8
775 1227 838 1268 vel
873 1240 900 1277 9
935 1228 1091 1282 pollices
1124 1230 1373 1281 exurgebant.
1439 1229 1543 1269 Haec
1574 1230 1663 1269 dum
1699 1241 1720 1268 e
1762 1227 1832 1267 filo

524 1293 689 1347 suspensa
731 1300 970 1345 percuterem
990 1324 1001 1344 ‚
1049 1293 1088 1332 in
1130 1291 1361 1345 longioribus
1391 1294 1502 1332 sonos
1536 1294 1645 1333 simul
1679 1292 1800 1346 plures
1821 1322 1833 1341 ,

526 1357 566 1397 in
608 1356 839 1396 breuioribus
878 1356 1039 1395 vnicum
1080 1356 1289 1396 admodum
1331 1367 1482 1396 acutum
1522 1357 1687 1410 percepi.
1756 1355 1834 1395 Hic

527 1432 625 1460 vero
659 1431 737 1457 non
770 1418 895 1458 statim
928 1428 1086 1470 apparet
1119 1419 1255 1458 modus
1287 1432 1365 1471 quo
1397 1419 1560 1460 laminae
1585 1419 1835 1460 olcillationes

526 1481 758 1536 perficiant,
793 1493 883 1521 cum
916 1481 1059 1520 nullum
1111 1481 1202 1520 adsit
1248 1482 1433 1534 punitum
1467 1481 1614 1533 fixum,
1649 1484 1750 1522 cuius
1789 1481 1836 1521 fi<

529 1556 588 1586 tus
621 1557 690 1598 per
720 1544 754 1583 se
786 1553 911 1596 pateat
944 1555 1014 1583 nec
1048 1545 1086 1583 iu
1117 1544 1260 1584 lamina
1292 1545 1434 1585 inflexa
1465 1555 1620 1598 tangens,
1639 1545 1741 1584 anibi
1776 1547 1836 1584 iu-

529 1608 710 1649 notescat.
776 1607 900 1647 Prima
934 1607 1048 1659 igitur
1081 1607 1181 1646 mihi
1213 1620 1300 1647 cura
1333 1607 1399 1647 fuit
1433 1610 1591 1648 modum
1636 1609 1833 1660 inquirere,

528 1685 604 1725 quo
636 1670 793 1723 lingulae
829 1670 991 1710 laminae
1024 1668 1214 1723 perculsae
1248 1682 1370 1724 partes
1404 1672 1599 1711 vibrentur
1619 1705 1628 1721 ,
1663 1682 1836 1724 moxque

529 1747 615 1775 rem
651 1744 768 1773 totam
803 1733 964 1785 detexi·⁷
1000 1745 1082 1772 tum
1116 1747 1212 1773 vero
1244 1735 1414 1774 animum
1458 1735 1566 1775 subiit
1606 1737 1643 1773 in
1683 1734 1837 1774 laminis

531 1797 765 1850 longioribus
796 1796 907 1835 sonos
942 1808 962 1835 ιι
995 1796 1029 1835 sc
1062 1797 1227 1837 inuicem
1261 1798 1425 1850 separare
1448 1829 1457 1846 ,
1494 1799 1543 1838 ita
1576 1809 1619 1838 rt
1639 1797 1744 1838 sonus
1766 1810 1835 1838 uec

531 1862 614 1902 aliis
656 1861 802 1900 mixtus
843 1859 1035 1910 oriretur,
1080 1860 1173 1899 iouis
1214 1861 1360 1913 {iugulis
1402 1874 1508 1901 veras
1541 1863 1614 1901 luas
1649 1862 1838 1901 mensurus

534 1924 738 1977 assignare,
781 1933 998 1974 caeteraque
1041 1925 1170 1963 omnia
1212 1923 1477 1977 phaenomena
1529 1927 1597 1965 rite
1631 1925 1833 1977 explicare.

651 1987 685 2034 §.
730 1987 783 2025 X.
828 1984 966 2025 Statim
1011 1996 1120 2039 :itque
1159 1988 1205 2026 de
1250 1986 1346 2026 lusce
1382 1988 1512 2027 uostris
1545 1989 1839 2028 oli-illationibus

530 2051 699 2105 cogitare
731 2050 862 2105 coepi,
898 2059 1030 2090 mente
1063 2051 1225 2106 concepi
1261 2063 1322 2092 cas
1354 2051 1454 2091 hunc
1489 2053 1524 2092 in
1546 2054 1704 2094 modum
1724 2051 1838 2093 ficri:

1777 2114 1838 2159 Sit
