2044 2735
586 116 642 155 41
651 118 679 153 4
869 99 951 140 DE
982 95 1309 141 ALCIBIADE
1348 96 1585 140 CERTAM
1589 97 1610 139 Ι
1615 97 1708 141 NIS

580 231 675 260 men
709 216 808 257 mihi
840 227 987 258 certum
1009 215 1149 257 habere
1167 248 1178 267 ,
1211 215 1313 268 quod
1332 249 1342 267 ,
1374 214 1531 256 instante
1560 214 1776 256 huiusmodi
1796 215 1896 255 sacro

578 281 756 323 omnibus
794 281 833 321 id
875 281 1086 321 ciuitatibus
1126 279 1276 332 publice
1323 280 1433 319 fuerit
1480 279 1759 332 significatum:
1803 290 1896 332 quae

577 355 658 386 tam
692 343 851 384 foederis
872 377 882 396 ,
913 355 992 398 quo
1026 344 1227 384 communi
1261 354 1398 382 omncs
1428 345 1719 382 continebantur
1738 375 1747 393 ‚
1784 353 1896 381 reno-

573 409 690 449 vandi
711 440 722 459 ,
754 420 868 460 quam
902 407 990 447 iuris
1019 407 1169 460 locique
1204 406 1254 446 iiii
1286 406 1416 446 tuendi
1447 418 1487 446 et
1507 407 1748 447 conleruandi
1779 406 1895 455 causa,

564 477 623 513 “ne
658 470 928 525 superstitionis
959 471 1040 511 vim
1059 471 1175 511 etiam
1207 481 1544 523 commemorem,
1580 470 1802 521 mittebant,
1831 470 1896 522 qui

573 535 729 590 publico
748 537 907 575 nomine
927 536 1090 588 antiquis
1108 532 1325 574 interessent
1351 534 1458 573 filcris
1483 544 1523 574 et
1542 546 1614 588 pro
1634 532 1709 588 ipsa
1742 534 1895 572 ciuitate

575 600 672 643 deo,
703 600 767 652 qui
798 598 1015 649 colebatur,
1047 596 1270 638 sacrificium
1297 594 1485 637 afferrent.
1520 598 1558 639 Si
1587 611 1666 638 non
1695 597 1840 637 aliunde
1862 595 1898 635 id

577 663 866 716 colligeremus,
887 661 1113 712 luculenter,
1131 671 1225 714 puto
1243 661 1419 713 equidem
1432 694 1442 713 ,
1458 662 1746 715 cognosceretur
1765 672 1817 699 ex
1835 670 1896 709 e0,

576 727 681 779 quod
702 723 1073 767 THVCYDIDES
1101 725 1185 764 Lib,
1209 725 1260 763 V.
1288 722 1384 777 Cap.
1408 738 1476 774 49.
1499 736 1536 765 et
1559 736 1627 775 50.
1651 734 1694 764 vt
1713 734 1749 763 et
1769 721 1898 763 PAV—

576 787 782 831 SANIAS
802 789 890 830 Lib.
912 786 1010 841 Cap.
1031 789 1210 839 scribunt,
1237 787 1565 828 Lacedaemonios
1589 788 1689 828 fuisse
1717 787 1900 840 aliquam·

573 853 637 894 diu
657 865 726 906 per
746 853 862 895 Eleos
880 852 925 893 ab
943 852 1163 905 Olympicis
1184 852 1275 892 ludis
1293 862 1330 891 et
1349 851 1529 892 sacrificio
1547 851 1775 905 prohibitos,
1793 849 1896 904 quod

578 917 767 960 muletam
788 917 873 970 ipsis
893 918 1098 969 irrogat-„im
1119 915 1331 968 pcrtbluere
1358 916 1571 954 noluerant.

692 981 827 1037 Quum
859 992 954 1020 vero
983 979 1183 1019 clarissime
1215 979 1252 1018 id
1272 979 1525 1032 comprobare
1558 990 1806 1031 nequeamus,
1825 989 1900 1030 po·

576 1055 708 1085 namus
739 1045 883 1096 vtique,
916 1043 1157 1083 Alcibiadem
1191 1043 1341 1095 priuato
1372 1041 1435 1082 ίίιο
1455 1043 1615 1082 nomine
1646 1041 1730 1081 loui
1755 1040 1898 1092 Olym-

575 1107 647 1161 pio
673 1140 685 1159 ,
737 1106 885 1160 eiusque
935 1107 1038 1147 sacro
1057 1139 1068 1157 ,
1110 1104 1301 1146 honorem
1344 1105 1445 1146 hunc
1498 1104 1674 1147 habuisse.
1743 1105 1900 1146 Fauebit

574 1172 629 1212 ita
664 1171 774 1212 nobis
814 1179 921 1210 tanto
954 1170 1077 1223 magis
1123 1169 1266 1223 reliqua
1311 1171 1435 1210 oratio
1468 1169 1559 1222 illa,
1594 1181 1704 1222 quam
1739 1167 1897 1220 Thucy-

574 1234 680 1275 dides
705 1267 716 1288 ,
768 1243 963 1288 tamquam
1015 1234 1060 1274 ab
1104 1233 1303 1274 Alcibiade
1342 1233 1510 1274 habitam
1537 1266 1548 1285 ,
1589 1232 1724 1286 posuit.
1791 1230 1901 1272 Dicit

575 1299 681 1339 enim
721 1297 872 1340 nullum
917 1306 1004 1338 ante
1038 1298 1073 1337 se
1103 1297 1326 1350 priuatum,
1367 1292 1559 1348 ἰδιώτην,
1601 1295 1740 1350 septem
1773 1309 1900 1337 currus

574 1361 613 1401 in
648 1370 844 1402 certamen
877 1361 1006 1402 curule
1038 1361 1196 1402 misisse:
1239 1373 1411 1414 moxque
1445 1360 1612 1412 subiicit,
1659 1372 1737 1400 non
1788 1360 1897 1399 inuti-

574 1424 653 1464 lem
696 1424 834 1465 censeri
875 1425 1020 1466 debere‘
1056 1424 1160 1464 illam
1203 1423 1383 1464 infimiam
1407 1457 1416 1475 ‚
1449 1425 1474 1465 si
1509 1424 1590 1478 quis
1624 1424 1691 1463 suis
1724 1423 1900 1464 sumtibus

573 1500 655 1528 non
691 1488 812 1529 solum
844 1489 894 1529 de
923 1487 1072 1541 seipso,
1107 1488 1169 1528 sed
1203 1488 1318 1528 etiam
1353 1488 1400 1528 de
1434 1488 1491 1527 sua
1526 1497 1642 1541 patria
1686 1487 1782 1526 bene
1815 1498 1898 1527 me-

572 1561 688 1592 retur.
754 1552 984 1607 Quanquam
1035 1552 1142 1592 enim
1194 1551 1294 1592 dieta
1337 1552 1430 1604 haec
1473 1554 1523 1591 ita
1568 1553 1600 1590 {e
1634 1550 1808 1600 habent,
1853 1559 1897 1589 vt

575 1626 654 1654 non
688 1615 811 1655 obesse
842 1614 1010 1669 possint,
1045 1615 1071 1655 si
1105 1618 1186 1668 quis
1224 1615 1322 1654 velit
1371 1614 1535 1654 adserere
1580 1613 1821 1653 Alcibiadem
1858 1614 1896 1652 in

575 1677 724 1717 theoria
744 1678 807 1717 ista
825 1679 997 1717 obeunda
1017 1679 1155 1730 patriae
1175 1677 1309 1717 iussum
1331 1677 1506 1728 habuisse,
1526 1677 1707 1729 quoniam
1728 1675 1896 1716 Athenis

578 1740 748 1780 theoriae
767 1746 810 1780 et
825 1740 1027 1792 choragiae
1045 1753 1065 1778 a
1083 1741 1259 1779 diuitibus
1287 1740 1430 1779 ciuibus
1464 1738 1527 1778 {uo
1545 1739 1666 1778 sumtu
1692 1737 1766 1778 fere
1787 1752 1895 1791 pera-

576 1805 760 1856 gebantur
773 1837 783 1854 ,
803 1803 911 1856 idque
930 1815 1047 1855 genus
1066 1804 1228 1842 muneris
1247 1804 1366 1854 magis
1383 1802 1507 1842 honor
1527 1812 1627 1851 crat,
1647 1814 1761 1854 quam
1783 1812 1895 1854 pote-

576 1866 657 1906 sta<
680 1879 872 1920 porroque
896 1862 1061 1914 ἰδιώτης
1073 1865 1130 1906 hic
1151 1879 1226 1905 non
1247 1867 1457 1919 opponitur
1476 1865 1626 1905 homini
1647 1866 1894 1918 :iliquampu—

573 1930 713 1970 blicam
766 1930 1075 1981 procurationem
1114 1931 1274 1982 adepto,
1306 1942 1377 1982 qua
1421 1929 1573 1982 peraeta
1618 1929 1654 1967 in
1698 1929 1894 1981 pristinam

575 1994 839 2034 conditionem
881 1993 1012 2045 redit,
1054 1992 1113 2032 sed
1157 1993 1207 2032 ita
1249 1993 1284 2031 in
1326 1994 1478 2032 ciuitate
1517 1993 1633 2044 aliqua
1676 1993 1894 2041 eminenti,

575 2068 620 2097 vt
647 2057 821 2099 omnium
853 2069 982 2098 rerum
1021 2055 1229 2097 absolutum
1250 2055 1385 2097 habeat
1415 2057 1611 2098 arbitrium
1635 2070 1642 2096 :
1683 2066 1814 2096 tamen
1858 2055 1895 2095 in

1765 2117 1894 2159 obscuq
