2044 2735
531 162 619 203 452
735 149 815 191 DE
834 143 1252 192 GANDISAPORA
1280 146 1538 192 PERSARV
1540 149 1592 191 M
1604 147 1691 210 QV
1688 148 1777 193 ΟΝ
1778 148 1843 196 D.

531 265 655 311 NVS.
723 266 895 325 Quisquis
934 267 1076 308 vetusta
1118 276 1369 308 monumenta
1411 267 1623 321 diligentius
1654 269 1841 320 verffiuit,

532 333 604 373 vix
636 331 805 372 dubitare
836 330 958 384 potest
977 365 988 385 ‚
1027 329 1103 371 csse
1136 330 1413 381 xenodochia,
1457 332 1772 386 ptochotrophea
1804 346 1843 375 et

529 396 754 437 nosocomia
795 392 1032 437 Christianae
1081 395 1273 448 religionis
1316 393 1452 435 fruc'tus
1493 396 1602 435 laude
1633 398 1743 436 omui
1785 398 1842 438 di-

528 460 735 514 gniffimos.
802 457 907 499 Mihi
940 470 1043 500 certe
1073 457 1172 500 haud
1206 459 1462 512 perfunctoria
1495 459 1687 512 diligentia
1720 463 1842 515 requi-

529 525 628 564 renti
663 536 738 564 non
773 522 988 575 obtigerunt
1021 523 1128 564 huius
1161 523 1304 575 generis
1338 523 1499 562 instituta
1521 525 1582 562 vel
1601 524 1697 577 apud
1718 523 1838 566 Grae-

527 600 593 628 cos
632 588 698 628 vel
737 588 938 630 Romanos
981 585 1136 627 Christo
1186 586 1356 626 nondum
1408 587 1604 626 addictos:
1650 587 1707 628 scd
1751 599 1839 628 ante

527 650 772 692 Iustinianum
808 662 887 690 non
920 650 1038 703 longo
1072 660 1248 703 tempore
1280 649 1376 690 haec
1407 649 1590 703 coepisse,
1627 662 1666 691 ct
1700 652 1842 706 abipso

528 716 677 768 egregia
718 714 943 755 liberalitate
981 714 1088 755 auc‘ta
1129 724 1170 753 et
1204 712 1436 767 amplificata
1473 713 1607 766 fuiffe,
1649 715 1712 755 vel
1746 729 1841 757 xnus

528 775 829 822 PROCOPIVS
871 777 1021 831 pridem
1062 778 1208 818 abunde
1249 790 1315 818 me
1346 778 1490 820 docuit.
1556 777 1623 819 Ex
1656 792 1733 832 quo
1765 779 1839 832 fit,

529 852 572 883 vt
602 842 814 883 nosocomii
849 839 1178 895 Gandisaporenfis
1211 841 1474 895 antiquitatem
1503 842 1613 894 ipsius
1637 842 1736 882 vrbis
1769 844 1841 884 ini-

526 906 587 947 tiis
626 919 761 960 parem
804 904 875 945 vix
915 905 1025 945 liceat
1065 906 1230 946 credere.
1294 904 1403 946 Idem
1445 905 1636 946 fundatum
1671 918 1690 944 a
1725 905 1840 948 Persis

524 979 587 1011 aut
619 969 800 1024 profanae
832 968 1011 1022 religioni
1044 969 1202 1010 addictis
1232 981 1284 1009 ex
1316 968 1448 1009 eadem
1483 970 1629 1009 ratione
1665 980 1742 1009 non
1775 972 1839 1012 ad-

523 1034 643 1074 ducor
691 1043 735 1074 vt
775 1033 941 1074 credam.
1008 1033 1112 1090 Quin
1153 1033 1281 1086 potius
1326 1031 1636 1086 persuasissimum
1685 1033 1839 1087 habeo,

522 1097 617 1138 illud
648 1096 754 1138 fuiffe
787 1098 984 1138 conditum
1018 1110 1040 1137 a
1074 1094 1296 1138 Christianis
1316 1130 1326 1147 ‚
1358 1095 1421 1150 qui
1456 1096 1495 1136 in
1528 1096 1586 1136 his
1618 1096 1714 1137 locis
1744 1109 1842 1138 con-

521 1161 727 1213 sederant,
776 1161 935 1216 sequutis
984 1161 1211 1214 exemplum
1269 1161 1429 1200 aliorum
1494 1160 1533 1200 in
1583 1160 1750 1201 felicibus
1801 1171 1840 1202 et

523 1229 848 1266 commerciorum
891 1225 986 1265 flore
1023 1225 1165 1265 ornatis
1205 1224 1358 1265 vrbibus
1390 1224 1615 1276 degentium
1638 1260 1647 1275 ,
1681 1237 1839 1277 quarum

522 1290 602 1329 iam
637 1289 744 1330 sexto
774 1288 925 1330 saeculo
959 1301 1098 1343 paucae
1130 1288 1308 1328 videntur
1337 1284 1444 1328 fuisse
1464 1319 1475 1340 ,
1509 1300 1605 1342 quae
1635 1299 1841 1330 ornamen-

523 1352 571 1392 tis
603 1352 713 1394 huius
744 1353 892 1407 generis
927 1352 1074 1405 prorsus
1107 1352 1404 1393 destituerentur.

639 1417 884 1459 Mentionem
917 1415 1129 1457 nosocomii
1162 1415 1338 1457 iacientes
1371 1417 1449 1456 iam
1484 1415 1720 1458 adducendos
1751 1417 1836 1457 exi-

518 1478 634 1520 stimo
654 1514 664 1533 ,
701 1490 744 1521 vt
777 1481 911 1521 eadem
946 1491 1065 1533 opera
1089 1479 1362 1534 cognoscantur
1390 1480 1525 1532 plura,
1557 1493 1652 1533 quae
1679 1480 1725 1520 ad
1741 1481 1838 1521 illius

519 1545 698 1586 notitiam
717 1545 926 1598 pertinent.
961 1544 1133 1585 Primum
1168 1544 1362 1584 audiemus
1395 1542 1740 1586 GREGORIVM
1775 1544 1836 1585 A-

518 1605 971 1651 BVLPIIARAGIVM
991 1641 1003 1659 ,
1055 1610 1131 1649 iam
1181 1607 1292 1648 toties
1330 1607 1521 1648 laudatum
1542 1639 1553 1658 ,
1600 1608 1665 1661 qui
1697 1608 1836 1662 Histor.

518 1670 650 1725 dynast.
695 1680 785 1725 pag.
823 1683 923 1722 143.
969 1670 1085 1712 refert
1124 1672 1172 1712 de
1206 1670 1382 1725 Georgio
1415 1669 1688 1710 Bachtischuae
1721 1670 1802 1710 filio
1822 1703 1834 1722 ‚

518 1735 622 1786 quod
655 1735 778 1788 ipsum
821 1734 1030 1774 Almansor
1062 1735 1273 1775 medicinae
1312 1732 1410 1786 apud
1442 1734 1476 1774 st:
1509 1732 1696 1773 faciendae
1730 1734 1834 1774 causa

519 1794 778 1851 Gandisapora
819 1798 1062 1839 accerssuerit.
1129 1797 1202 1837 Hic
1243 1797 1370 1849 itaque
1417 1798 1463 1838 ad
1502 1796 1718 1849 principem
1761 1809 1833 1836 vo-

517 1872 671 1902 cantem
715 1860 905 1914 profectus
949 1860 1163 1901 nosocomii
1202 1871 1330 1900 curam
1371 1857 1454 1899 filio
1485 1860 1548 1900 si1o
1589 1858 1835 1901 demandasse

516 1923 666 1978 legitur.
705 1925 863 1967 FaCrum
893 1924 967 1964 hoc
996 1924 1050 1964 est
1076 1924 1173 1963 circa
1191 1935 1334 1963 annum
1363 1923 1525 1975 Hegirae
1567 1920 1834 1965 CXXXVII.

515 1985 656 2029 Christi
689 1998 817 2029 autem
851 1985 1074 2029 DCCLIV.
1113 1986 1222 2028 Idem
1258 1998 1375 2040 porro
1400 1987 1530 2028 auc'tor
1548 1999 1648 2027 anno
1666 1988 1836 2042 Hegirae

515 2049 674 2092 CCLV.
696 2050 835 2093 Christi
867 2062 992 2092 autem
1013 2053 1114 2093 lnccc
1149 2050 1343 2092 LXVIII.
1365 2051 1497 2092 obiiffe
1515 2051 1634 2092 scribit
1651 2050 1833 2093 Saburcm

514 2113 641 2160 Salieli
669 2115 790 2159 filium
809 2149 819 2169 ,
866 2115 1077 2158 nosocomii
1107 2112 1440 2170 Gandifiiporcnsis
1456 2114 1686 2171 praest-&um
1708 2148 1718 2167 ,
1751 2115 1834 2184 reli-

1723 2191 1838 2233 gione
