2044 2735
389 108 470 150 DE
504 106 861 154 ORBITARI'M
895 107 1300 154 APPARENTIIS.
1422 116 1512 160 289

196 240 253 268 ex
291 225 331 268 N
366 228 430 267 vel
463 241 486 267 n
528 228 572 268 ad
606 229 757 269 oculum
801 227 967 269 ductam.
1030 226 1088 268 Sit
1126 229 1247 268 orbita
1300 230 1337 267 in
1382 228 1514 281 quouis

202 292 292 331 loco
335 304 353 329 c
395 291 549 332 semitae
592 292 703 342 suae,
744 301 852 331 extra
892 292 1033 346 puncta
1073 292 1116 333 N
1128 305 1199 344 ,n,
1240 303 1278 332 et
1312 292 1442 331 oculus
1474 292 1513 331 in

198 356 335 409 quouis
370 355 458 395 loco
491 356 528 394 T
562 355 710 396 semitae
742 356 824 394 suae
845 387 856 405 ,
897 366 1007 395 extra
1040 356 1182 409 puncta
1215 357 1274 407 R,
1304 356 1356 410 Q-
1423 355 1514 396 Iun-

201 431 264 473 gat
307 418 373 457 c'l'
414 429 588 459 centrum
622 419 768 459 orbitae
810 427 850 457 et
883 419 1038 458 oculum
1060 451 1070 469 ,
1101 420 1146 458 ad
1177 432 1290 472 quam
1326 419 1365 457 in
1398 418 1515 472 plano

200 484 390 536 primario
432 482 747 536 perpendicularis
786 482 830 521 sit
862 481 922 521 ab
955 494 1024 534 per
1050 495 1073 520 c
1107 483 1312 533 transiens·,
1353 481 1514 534 planum

200 546 453 600 proiec‘tionis
484 546 638 599 quidem
672 545 807 584 secabit
841 543 995 596 planum
1015 544 1161 584 orbitae
1193 544 1258 584 vel
1289 545 1514 597 primarium

201 611 240 649 in
275 610 379 649 rcc‘ta
412 609 499 660 ab,
533 618 601 659 at,
636 620 727 647 cum
771 607 866 647 istud
901 608 1076 647 normale
1108 608 1152 648 sit
1183 608 1232 648 ad
1263 607 1362 659 cT,
1398 607 1515 647 variis

201 674 328 713 modis
378 672 619 712 inclinabitur
658 672 703 711 ad
745 670 822 710 hoc
865 683 939 723 pro
979 671 1126 712 diuerso
1168 672 1271 712 oculi
1308 680 1350 711 et
1393 671 1515 711 centri

200 737 346 777 orbitae
366 735 450 786 situ,
476 747 573 787 quae
592 734 788 774 inclinatio
809 735 948 787 pariter
966 747 1009 775 ac
1030 735 1167 788 positio
1186 735 1330 775 orbitae
1347 734 1517 788 respec'tu

200 800 300 840 oculi
324 797 516 839 diiudicari
544 798 684 838 debent
710 810 764 837 ex
790 797 1038 838 inclinatione
1064 798 1191 839 restae
1207 799 1274 840 Tc
1291 798 1336 838 acl
1355 798 1517 852 planum

198 863 422 916 primarium
444 894 455 914 ‚
487 861 590 901 vnde
609 862 765 903 demum
781 891 792 910 ,
813 860 940 902 habita
959 861 1066 902 simul
1086 863 1235 902 ratione
1254 862 1417 916 ipsarum
1435 861 1517 913 Tc,

196 939 274 978 ac,
293 925 512 979 apparentia
532 925 680 966 orbitae
698 925 830 977 colligi
852 927 1016 978 poterit,
1035 935 1079 966 vt
1096 925 1161 966 suo
1178 926 1266 967 loco
1284 925 1514 966 ostendetur.
1530 935 1612 972 Tab.
1626 934 1720 972 vm,

317 1002 389 1040 29.
432 986 631 1042 Congruat
666 988 827 1042 planum
866 989 973 1029 oculi
1014 1002 1105 1030 cum
1147 989 1267 1043 plano
1299 989 1519 1043 primario,
1555 989 1671 1036 fig.10.

198 1053 250 1094 ita
271 1085 281 1105 ,
316 1062 361 1093 vt
391 1054 433 1093 in
459 1054 606 1093 eodem
640 1052 756 1105 plano
786 1051 916 1092 oculus
947 1052 1128 1093 describat
1157 1052 1332 1094 semitam
1365 1053 1453 1108 QT
1465 1055 1517 1105 R,

202 1126 378 1157 centrum
408 1116 559 1156 orbitae
592 1128 692 1155 vero
725 1115 900 1155 semitam
935 1115 1038 1156 nIN
1069 1117 1171 1157 circa
1201 1127 1380 1157 centrum
1408 1128 1519 1157 com-

202 1191 321 1220 mune
355 1177 396 1220 S.
462 1179 627 1219 Planum
658 1178 806 1218 orbitae
837 1177 976 1220 GLM
1009 1179 1234 1220 inclinatum
1268 1180 1313 1220 sit
1348 1180 1393 1220 ad
1436 1179 1519 1233 pla-

200 1256 293 1283 num
327 1243 554 1296 primarium
585 1243 723 1295 angulo
756 1243 916 1295 quouis,
951 1252 989 1282 et
1022 1241 1408 1297 1111e2unMG‚mg‚
1430 1257 1518 1300 μγ

204 1308 302 1347 inter
336 1305 373 1346 se
406 1305 606 1360 parallelae
641 1307 681 1345 in
714 1306 866 1346 diuersis
899 1306 1045 1346 orbitae
1079 1307 1205 1347 sitibus
1238 1307 1399 1347 referant
1428 1308 1518 1347 line-

204 1382 291 1410 neas
325 1371 518 1410 nodorum
554 1369 780 1409 secundarius
799 1402 809 1420 ‚
842 1369 889 1409 ad
925 1382 1014 1423 quas
1045 1371 1224 1423 parallela
1255 1371 1298 1412 sit
1329 1371 1430 1411 linea
1448 1382 1519 1411 no-

202 1434 343 1474 dorum
379 1434 562 1486 primaria
598 1432 673 1474 Nn
707 1445 778 1486 per
810 1431 837 1472 S
873 1433 1081 1484 transiens,
1114 1443 1158 1473 vt
1188 1435 1227 1474 in
1260 1435 1295 1483 §.
1335 1446 1405 1483 24.
1459 1433 1517 1474 Sit

203 1497 245 1539 Ii
279 1497 325 1537 ad
359 1496 434 1538 Nn
468 1498 507 1536 in
543 1494 568 1536 S
603 1495 948 1551 perpendicularis,
983 1507 1026 1536 vt
1059 1498 1085 1538 si
1119 1498 1276 1538 oculum
1314 1499 1352 1537 in
1383 1495 1410 1538 S
1443 1497 1520 1537 fin-

201 1574 333 1614 gamus
364 1565 425 1609 (vt
459 1561 492 1609 §.
533 1558 637 1614 24),
668 1561 822 1611 orbita,
855 1561 1008 1613 qnando
1040 1561 1087 1601 ad
1120 1561 1139 1601 I
1173 1562 1238 1601 vel
1269 1563 1283 1602 i
1315 1562 1518 1614 peruenit,

201 1626 242 1664 in
276 1625 458 1665 limitibus
498 1624 677 1664 versetur.
748 1623 818 1663 His
849 1624 977 1677 positis
1008 1623 1053 1664 sit
1084 1634 1262 1665 centrum
1294 1624 1441 1664 orbitae
1476 1624 1518 1668 G

202 1687 294 1729 LM
339 1690 377 1728 in
417 1688 551 1742 quouis
590 1688 740 1728 semitae
772 1687 855 1728 suae
887 1687 975 1728 loco
1006 1687 1038 1728 Κ
1074 1700 1114 1729 et
1146 1688 1277 1728 oculus
1310 1690 1350 1728 in
1382 1690 1517 1741 quouis

202 1752 359 1800 semitae
392 1751 474 1792 suae
508 1752 597 1791 loco
630 1753 700 1803 T3
735 1752 911 1805 iungatur
944 1751 1026 1792 ΤΚ
1047 1785 1057 1803 ,
1091 1765 1186 1806 quae
1219 1752 1290 1793 erit
1324 1753 1363 1791 in
1399 1751 1515 1805 plano

204 1816 403 1869 primario.
477 1814 600 1869 Igitur
642 1816 798 1869 planum
842 1816 1091 1869 proiectionis
1133 1829 1200 1870 per
1233 1816 1268 1857 K
1304 1815 1484 1856 transiens
1505 1849 1515 1869 ,

203 1891 293 1919 cum
326 1879 472 1932 semper
504 1880 676 1920 normale
709 1879 753 1919 fit
787 1879 832 1919 ad
868 1879 949 1921 ΤΚ
966 1880 1180 1921 distantiam
1199 1880 1344 1920 orbitae
1361 1880 1409 1919 ab
1425 1891 1517 1920 ocu-

207 1940 276 1991 lo,
317 1941 465 1994 semper
505 1943 677 1983 normale
720 1943 791 1982 erit
829 1943 875 1984 ad
915 1943 1075 1996 planum
1118 1944 1374 1997 primarium,
1410 1943 1519 1996 idque

208 2003 342 2043 secabit
376 2005 414 2043 in
446 2005 550 2045 resta
581 2006 635 2047 bc
666 2006 712 2046 ad
745 2005 827 2046 TK
863 2008 1195 2060 perpendiculari,
1229 2017 1274 2047 vt
1306 2006 1429 2047 [JKM
1474 2006 1518 2045 sit

208 2067 532 2119 complementum
545 2069 592 2109 ad
612 2070 758 2111 rectum
778 2071 904 2124 anguli
925 2071 971 2111 M
984 2071 1088 2125 ΚΤ,
1108 2073 1166 2126 qm'
1185 2069 1439 2123 elongationem
1457 2079 1517 2107 or-

273 2127 382 2172 Tom.
419 2130 469 2173 X
471 2131 549 2173 111.
866 2134 905 2174 O
923 2146 950 2175 o
1420 2131 1521 2173 bitae
