2044 2735
677 166 1005 254 INDEX

339 288 1309 363 COMMENTARIORVM

1323 426 1490 439 -n-——n-

482 493 547 552 In
590 493 637 550 C
638 488 750 567 lcffse
792 488 1203 552 mathematica.

168 623 367 678 Excerpta
416 632 471 662 ex
522 621 638 662 literis
688 633 709 662 a
762 619 927 663 Daniele
984 619 1164 664 Bernoulli
1241 621 1289 662 ad
1349 619 1492 663 Leonh.

616 684 790 726 Eulerum
824 687 920 726 datis
954 699 993 739 p.
1034 697 1074 733 3.

167 748 383 794 Leonhardi
416 748 544 791 Euleri
573 749 638 791 De
670 750 915 790 extractione
947 751 1120 790 radicum
1152 763 1205 790 ex
1224 749 1492 805 quantitatibus

614 814 906 854 irrationalibus.
944 827 985 866 p.
1027 818 1096 853 16.

165 878 204 920 Ι.
240 876 423 919 Bernoulli
464 877 672 919 problema
708 878 946 918 analiticnm.
985 891 1024 931 p.
1061 881 1135 918 61.

166 941 215 984 L.
267 940 399 984 Euleri
455 943 754 983 Obseruationes
814 942 1013 982 analiticae
1073 943 1199 982 variae
1250 943 1296 984 de
1337 941 1494 983 combi-

621 1005 848 1046 nationibus.
886 1019 926 1059 p.
959 1008 1034 1056 64.

168 1067 228 1114 D.
260 1067 441 1112 Bernoulli
483 1068 549 1111 De
598 1081 712 1110 motu
773 1071 907 1109 mixto
935 1102 945 1121 ,
1015 1082 1092 1123 quo
1143 1082 1307 1124 corpora
1362 1070 1497 1123 sphae-

562 1132 564 1135 ’
613 1135 758 1175 roidim
799 1136 906 1187 snper
949 1133 1067 1187 plano
1110 1135 1291 1174 inclinato
1343 1135 1495 1174 descen-

610 1198 718 1238 dunt.
753 1211 789 1251 p.
830 1210 904 1246 94.

163 1260 216 1307 G.
259 1261 333 1304 W.
378 1261 545 1321 Krafftii
582 1262 914 1304 Additamentum
959 1260 1227 1302 dissertationis
1266 1263 1500 1315 praeceden-

609 1327 656 1367 tis
703 1326 753 1367 de
800 1337 1016 1380 corporum
1055 1326 1172 1381 plano
1217 1326 1497 1380 impositorum

610 1389 795 1431 descenffi.
830 1403 869 1444 p.
908 1402 1008 1429 100.

169 1456 224 1498 D.
259 1452 440 1498 Bernoulli
482 1452 548 1495 De
593 1453 870 1495 vibrationibus
901 1464 941 1494 et
977 1453 1069 1494 sono
1104 1455 1338 1494 laminarum
1376 1455 1497 1494 clasti-

615 1530 749 1559 carum
794 1519 1152 1559 commentationes
1202 1518 1364 1570 Physico
1385 1518 1492 1561 Geo-

616 1582 818 1625 metricae.
860 1595 902 1636 p.
948 1593 1048 1632 105.

168 1645 220 1690 G.
256 1646 321 1688 W
319 1679 328 1687 .
369 1644 536 1703 Krafftii
580 1645 796 1699 Peripheria
848 1645 981 1685 circuli
1025 1644 1254 1685 mechanico
1299 1646 1494 1699 dupliciter

612 1708 833 1750 testificata.
871 1722 911 1762 p,
952 1721 1052 1748 121.

170 1773 215 1813 L.
252 1772 380 1815 Euleri
419 1771 485 1813 De
521 1784 633 1813 motu
665 1772 896 1813 oscillatorio
926 1785 1140 1828 corporum
1185 1772 1433 1813 flexibilinm.

611 1850 650 1890 p.
692 1849 794 1886 124.

171 1899 228 1944 D·
279 1899 457 1944 Bernoztlli
515 1900 581 1942 De
633 1899 732 1940 sonis
786 1897 1004 1939 multifariis
1032 1930 1044 1949 ,
1088 1913 1183 1953 qnos
1227 1899 1391 1939 laminae
1420 1901 1499 1940 ela·

613 1963 726 2003 sticae
752 1963 1006 2003 diucrfimode
1048 1963 1192 2015 edunt,
1226 1964 1501 2017 diliuiisitiones

611 2025 1164 2069 Mechanico-Gcometrimc
1185 2060 1194 2078 ,
1248 2029 1499 2080 experimen-

615 2093 664 2131 tis
711 2091 876 2131 acusticis
925 2090 1130 2133 illustratae
1195 2101 1233 2131 et
1283 2091 1500 2131 confirma-

618 2164 693 2196 tae.
722 2168 764 2210 p.
803 2158 906 2203 167.

1450 2219 1499 2263 L,
