2044 2735
416 842 484 883 rig.
508 848 537 875 2.

544 97 638 141 304-
668 84 748 126 DE
768 80 878 124 PER
888 79 1182 124 FlCIEMDIS
1192 76 1413 123 MAPPIS
1423 78 1852 125 GEOGRAPHICIS

659 198 697 248 §-
721 210 790 238 10.
827 196 930 238 Cum
961 197 1081 237 radius
1113 199 1257 251 semper
1291 196 1333 237 fit
1365 199 1540 250 cognitus
1573 207 1612 237 et
1644 196 1850 251 ipsismap-

542 262 605 317 pis
633 263 874 315 exprimatur
908 260 1101 315 praedieto
1134 261 1274 302 calculo
1317 260 1549 313 supersedere
1581 259 1791 315 poffimus,
1825 259 1853 301 fi

544 326 724 366 omnibus
754 325 904 379 mappis
937 325 1091 365 addatur

608 403 645 431 1.
682 387 823 442 Scala,
864 400 960 442 quae
1000 389 1160 441 paralleli
1202 388 1396 427 cuiuslibet
1437 388 1474 427 in
1515 387 1666 441 sphaera
1705 388 1854 427 radium

1323 451 1334 468 5

540 459 615 502 siue
647 460 770 501 smum
810 459 1002 500 distantiae
1043 471 1062 498 a
1099 460 1193 511 polo
1226 472 1280 497 z
1318 481 1347 511 ῃ.
1383 453 1422 496 11‘
1451 455 1684 511 (4r2—s²
1720 457 1857 513 )sistat

611 537 653 564 2.
687 521 821 575 Scala,
855 534 949 576 quae
981 521 1142 562 chordas
1173 522 1368 563 cuiuallbet
1402 535 1535 573 arcus,
1569 524 1606 562 in
1640 521 1855 576 peripheria

541 586 744 641 sphaerae,
789 587 962 627 maxima
996 584 1071 625 siue
1111 586 1224 640 dupla
1258 585 1403 625 sinuum
1438 586 1634 626 cuiuslibet
1664 597 1768 626 arcus
1799 585 1857 624 di-

544 651 657 692 midii
696 650 890 691 exhibeat.

660 714 698 762 §.
723 727 792 754 11.
825 714 941 755 Hisce
973 713 1208 755 adminiculis
1241 714 1379 766 exiguo
1410 713 1536 754 labore
1567 713 1760 753 distantiae
1795 711 1851 752 lo-

543 788 680 819 corum
722 778 762 817 in
801 779 939 818 eodem
983 778 1162 831 parallelo
1204 777 1367 817 inueniri
1410 788 1603 831 poterunt.

613 840 770 882 Dentur
811 841 949 882 iterum
992 843 1122 894 primo
1163 841 1240 881 duo
1281 841 1364 880 loca
1406 843 1445 882 A
1484 852 1520 880 et
1563 839 1596 880 B
1636 841 1674 879 in
1717 839 1857 878 eodem

544 905 723 959 parallelo
756 905 795 944 in
827 917 966 957 mappa
1000 905 1160 958 quadam
1183 937 1193 955 ,
1237 905 1389 956 angulus
1429 906 1530 944 cuius
1571 916 1700 943 arcum
1744 903 1857 942 chor-

545 968 592 1009 da
626 967 849 1008 inuenienda
883 968 1066 1008 subtendit
1087 1000 1097 1018 ,
1132 967 1206 1008 siue
1239 968 1449 1007 differentia
1490 968 1763 1020 longitudinum
1809 977 1862 1005 ex

545 1031 727 1072 omnibus
766 1032 920 1084 mappis
960 1032 1208 1083 cognoscitur.
1256 1031 1341 1070 Fiat
1393 1032 1529 1070 deinde
1579 1031 1684 1070 radio
1729 1028 1860 1082 sphae-

542 1107 607 1135 rae
638 1092 717 1135 CK
749 1106 854 1134 arcus
886 1094 1125 1146 peripheriae
1158 1094 1285 1133 circuli
1320 1093 1496 1146 sphaerae
1515 1094 1703 1142 maximi,
1742 1103 1858 1131 trans-

547 1156 682 1198 feratur
722 1156 868 1198 circino
909 1168 961 1196 ex
1000 1156 1093 1196 scala
1135 1155 1368 1196 chordarum
1412 1158 1553 1196 laudata
1595 1156 1737 1196 chorda
1773 1155 1804 1195 1<
1827 1153 1863 1193 B

547 1220 676 1273 anguli
714 1220 789 1261 dati
833 1216 1004 1271 BCK,
1047 1224 1174 1259 arcum
1218 1218 1363 1260 BDK
1406 1221 1444 1259 iu
1480 1220 1691 1273 peripheria
1733 1219 1862 1258 circuli

545 1283 724 1337 sphaerae
774 1283 938 1324 maximi
987 1283 1208 1323 subtendens
1255 1284 1296 1323 in
1347 1297 1472 1324 arcum
1524 1284 1631 1323 radio
1682 1282 1862 1336 sphaerae

547 1347 814 1399 delineatum,
847 1346 1030 1387 ducantur
1064 1358 1183 1400 porro
1214 1348 1306 1388 radii
1342 1345 1432 1398 CK,
1453 1345 1522 1387 CB
1556 1359 1607 1387 ex
1640 1346 1858 1386 ceutrocir-

547 1412 653 1463 culi,
687 1411 868 1464 angulum
902 1413 1031 1451 datum
1062 1408 1168 1451 BCK
1201 1413 1484 1464 intercipientes
1517 1422 1556 1450 et
1587 1411 1707 1450 radius
1742 1410 1862 1462 paral-

548 1473 611 1513 leli
643 1474 820 1527 sphaerae
858 1486 908 1513 ex
942 1475 1031 1515 scala
1078 1475 1271 1515 radiorum
1313 1476 1571 1528 parallelorum
1616 1473 1790 1526 sphaerae
1824 1474 1861 1511 in

548 1537 695 1578 radium
727 1536 904 1590 sphaerae
940 1535 1051 1591 C133
1086 1551 1241 1592 vnoque
1283 1539 1410 1579 circini
1454 1539 1551 1591 pede
1585 1548 1719 1577 centro
1750 1552 1769 1578 c
1802 1550 1861 1576 ar-

549 1613 616 1641 cus
647 1601 819 1654 descripti
852 1601 1064 1654 impositO,
1097 1602 1216 1642 altero
1249 1615 1351 1642 arcus
1382 1603 1470 1643 bda
1504 1611 1679 1640 extrema
1725 1601 1859 1651 puuc‘ta

551 1664 575 1704 b
607 1675 645 1704 et
686 1677 712 1705 a
754 1665 792 1704 in
835 1665 947 1704 radiis
989 1663 1071 1706 CA
1115 1676 1153 1704 et
1194 1663 1272 1704 CB
1314 1676 1523 1714 notentur,
1556 1663 1724 1702 distantia
1761 1665 1861 1702 inter

549 1726 642 1767 haec
675 1737 812 1782 puncta
846 1727 1054 1769 breuissima
1094 1729 1153 1768 ab
1187 1730 1256 1768 erit
1290 1742 1365 1767 uon
1400 1728 1521 1767 solum
1565 1727 1705 1766 chorda
1744 1728 1860 1779 paral-

550 1790 610 1830 leli
643 1792 681 1830 in
715 1789 892 1843 sphaera,
929 1791 988 1831 sed
1021 1792 1139 1831 etiam
1158 1791 1301 1831 chorda
1333 1792 1523 1831 distantiae
1543 1791 1724 1843 quit-litae
1759 1791 1778 1838 (ᾗ
1819 1805 1858 1840 9.

551 1853 810 1894 Transferatur
841 1854 953 1906 igitur
988 1855 1078 1895 haec
1110 1856 1255 1894 circino
1290 1856 1324 1894 in
1360 1855 1486 1894 scalam
1506 1854 1733 1893 cliordarum
1757 1886 1765 1900 ,
1805 1855 1861 1893 in-

552 1918 717 1957 notescet
750 1916 877 1958 statim
910 1931 1011 1960 arcus
1044 1919 1193 1972 quaeliti
1226 1920 1448 1972 magnitudo
1483 1931 1643 1957 munero
1677 1919 1858 1970 graduum

549 1981 738 2034 apposito.

666 2045 700 2093 §.
744 2060 811 2087 12.
855 2046 938 2087 Sint
980 2045 1142 2086 secundo
1182 2046 1256 2085 duo
1296 2047 1381 2086 loca
1416 2059 1453 2085 m
1490 2044 1640 2084 diuersis
1674 2046 1863 2098 parallelis

1821 2119 1858 2147 ct
