2044 2735
192 153 510 197 ACADEMIA
527 152 770 196 MfinreA
789 151 1007 198 OBSERJJ:
1041 152 1357 200 fflffloch.
1424 169 1515 207 449

191 271 320 314 Oxios
354 285 494 313 vocare
529 273 662 314 solent.
733 270 1076 315 Commemorauit
1110 272 1211 315 iilam
1244 273 1309 315 suo
1351 276 1512 316 nomine

188 335 494 379 PROCOPIVS
531 339 577 379 de
612 337 715 379 bello
748 338 900 379 Persico
921 371 932 391 ,
965 351 1056 379 cum
1089 349 1168 390 eo,
1202 339 1306 391 quod
1347 340 1400 389 sit·
1433 340 1514 380 Va-

188 401 309 441 minae
343 403 505 457 regionis
527 435 537 454 ,
573 411 612 442 et
646 416 666 442 a
699 400 953 456 Ctesiphonte
995 401 1141 456 septem
1184 401 1330 443 dierum
1373 404 1509 445 itinere

188 465 232 506 sit
265 465 396 507 dissita.
462 467 529 508 Ex
563 478 640 519 quo
675 467 764 507 illud
799 466 1006 517 discimus,
1040 466 1142 519 quod
1179 468 1415 520 temporibus
1450 468 1510 510 Iu-

188 529 336 569 stiniani
371 531 505 585 Magni
541 531 683 582 integra
717 529 965 583 superfuerit,
1002 529 1191 582 Persisque
1226 533 1406 583 paruerit.

304 593 468 636 Scholac
488 628 499 647 ,
530 606 648 648 quam
681 593 937 647 Lapethenses
971 592 1184 633 habuerunt
1203 625 1214 645 ‚
1247 594 1367 635 fiicrae
1401 596 1510 636 initia

187 671 267 699 non
310 659 415 699 facile
456 658 710 698 determinare
751 658 852 698 licet.
918 655 1014 698 Sunt
1054 666 1183 698 autem
1234 659 1390 714 vestigia
1430 672 1512 700 non

186 722 343 763 obscura
366 756 377 775 ,
418 735 514 777 quae
554 734 625 762 nos
664 721 711 762 ad
744 721 937 774 originem
975 723 1053 761 eius
1085 720 1284 762 deducant.
1355 722 1511 765 Scilicet

184 787 330 828 fileculo
374 786 426 827 V.
470 786 573 841 quod
613 786 734 827 modo
766 785 951 826 Ioannem
995 784 1318 838 chrysostomum
1339 821 1349 840 ,
1387 788 1510 829 modo

184 850 409 892 Nestorium
451 850 667 905 exagitabat
686 882 697 900 ,
738 861 980 903 omnemque
1017 862 1106 891 rem
1161 847 1414 891 Christianam
1469 852 1510 892 in

183 925 309 968 partes
342 914 517 955 trahebat
538 946 549 966 ,
588 912 715 954 Persae
747 914 849 955 suam
883 912 1048 955 scholam
1083 914 1183 968 apud
1219 913 1427 955 Edessenos
1446 914 1511 956 ha-

184 979 322 1020 bebant
343 1010 354 1031 ‚
389 980 492 1020 cuius
524 978 707 1032 magistro
739 977 927 1020 Nestorio
966 979 1004 1018 se
1037 977 1162 1019 fizuere
1194 990 1272 1019 non
1306 978 1510 1020 diffimula-

184 1043 288 1084 bant.
356 1042 438 1084 Hac
470 1056 510 1084 re
542 1052 766 1085 commotus
806 1041 970 1085 Rabulas
991 1074 1001 1094 ,
1043 1042 1242 1097 episcopus
1272 1041 1480 1084 Edessenus
1498 1076 1511 1097 ,

185 1105 468 1159 Chrysbstomo
502 1106 772 1149 addictissimus
793 1137 803 1156 ‚
844 1105 966 1148 Persas
1010 1105 1073 1147 insi
1105 1105 1234 1146 schola
1268 1107 1383 1147 eiecit
1403 1138 1415 1159 ,
1449 1120 1513 1148 ce·
1547 1153 1552 1160 .

185 1181 337 1226 temque
378 1172 454 1224 egit
496 1173 535 1212 in
578 1171 829 1214 Nestorizinae
877 1170 1032 1211 fictioni
1071 1170 1241 1211 addictos
1293 1170 1507 1212 admodum

182 1234 323 1277 seuere.
391 1236 518 1278 Prima
553 1236 693 1276 eiectio
727 1235 825 1277 facta
857 1235 955 1286 fuit,
989 1243 1035 1274 vt
1065 1233 1289 1277 Affemanus
1322 1235 1509 1290 ostendit,

182 1300 282 1341 circa
313 1300 366 1340 A.
400 1298 449 1340 C.
487 1297 802 1341 CCCCXXXI.
840 1299 956 1340 altera
990 1296 1052 1338 sub
1085 1299 1320 1352 imperatore
1339 1295 1509 1341 Zenone

183 1364 236 1404 A.
273 1361 322 1403 C.
358 1360 752 1406 CCCCLXXXIX.
793 1364 1035 1416 omninoque
1077 1375 1169 1403 cum
1208 1361 1358 1404 scholae
1393 1362 1512 1405 Edes-

184 1427 289 1468 senae
323 1426 403 1468 fine
436 1429 638 1471 coniuncta
671 1428 755 1470 fuit.

301 1491 354 1533 Hi
388 1494 514 1547 itaque
556 1494 594 1534 in
628 1493 803 1535 exsilium
848 1491 943 1546 pulsi
976 1492 1139 1545 patriam
1179 1493 1436 1547 repetebant,
1467 1505 1511 1535 ac

185 1556 463 1610 episcopatibus
506 1556 847 1611 praeficiebantur:
892 1568 1057 1610 quorum
1094 1569 1173 1598 non
1209 1558 1322 1611 pauci
1355 1559 1394 1598 in
1427 1559 1512 1599 Hu-

183 1621 303 1662 zitide
343 1621 546 1662 consedisse
585 1632 864 1662 memorantur.
934 1619 1096 1661 Istorum
1150 1620 1269 1661 studio
1319 1622 1512 1661 excitatae

184 1683 321 1739 pnsfim
374 1684 525 1725 fuerunt
562 1684 738 1726 scholae:
782 1697 872 1739 quas
911 1684 1012 1724 inter
1054 1683 1236 1725 Nifibcna
1277 1685 1512 1739 potissimum

182 1749 283 1789 clara
326 1746 378 1788 est
419 1748 528 1790 faeta.
594 1747 671 1789 Sed
713 1761 791 1793 Quo
832 1759 1015 1802 tempore
1047 1747 1303 1788 Elamitarum
1337 1749 1398 1789 illa
1433 1749 1506 1790 La-

183 1811 375 1866 pethenfis
417 1813 615 1867 coeperit,
649 1825 775 1866 quoue
821 1825 908 1853 cum
947 1808 1261 1864 Gandifiiporenfi
1304 1814 1511 1854 coniuncta

181 1876 312 1926 fuerit,
346 1887 425 1916 nou
459 1878 555 1917 adeo
588 1877 687 1917 clare
718 1877 967 1930 cognostitur.
1035 1875 1194 1916 factum
1232 1876 1270 1916 id
1307 1889 1384 1916 iam
1406 1877 1509 1918 fiiiffe

184 1940 270 1993 post
315 1938 448 1979 fiieculi
489 1941 643 1993 septimi
684 1941 891 1991 medium,
933 1939 1018 1980 finis
1059 1949 1211 1978 certum
1254 1940 1308 1979 est
1343 1938 1416 1979 ex*
1431 1942 1506 1993 iis,

183 2015 280 2056 quae
315 2000 653 2045 ASSEMANVS
688 2005 812 2045 Tom.
849 2003 903 2044 11.
943 2015 1030 2057 pag.
1069 2015 1173 2054 422.
1210 2012 1248 2042 ct
1281 2003 1505 2045 Tom.111.

183 2079 271 2120 pag.
315 2069 420 2116 615.
467 2067 632 2108 recenset
671 2069 718 2108 de
748 2068 896 2110 Ioanne
940 2065 1120 2108 Marthae
1161 2065 1244 2106 filio
1295 2067 1508 2120 patriarcha

183 2130 505 2172 Nestorianorum
535 2132 736 2186 ‘tricesimo
768 2144 876 2172 nono
897 2163 907 2183 ,
942 2131 1038 2185 qui,
1073 2143 1158 2170 cum
1195 2131 1231 2170 in
1252 2129 1382 2172 schola
1405 2129 1511 2172 Gan-

245 2195 352 2235 Tom.
388 2195 530 2239 XHI.
786 2193 820 2234 L
840 2194 853 2233 l
875 2194 883 2232 Ι
1361 2194 1504 2250 ἀίίὶιρον
