2044 2735
188 158 275 204 DE
309 159 639 206 CLANDVLIS
666 155 963 205 RENALIBV
965 158 996 205 S
1023 160 1347 207 EVSTACHII.
1415 165 1511 216 369

184 279 284 320 dulis
319 281 551 334 peculiarem
585 278 691 333 effe,
724 290 769 322 vt
801 282 1129 322 Anatomicoium
1175 283 1396 323 communis
1425 283 1508 323 sen-

183 345 305 383 tentia
347 345 428 385 est:
464 358 560 400 quae
592 346 844 386 dubitationes
877 356 1082 399 propterea
1122 346 1161 386 in
1192 347 1366 387 animum
1398 347 1509 387 indu-

185 420 273 448 cere
309 407 492 462 possent,
533 422 675 449 nomen
716 422 849 450 renum
889 408 1249 450 liicceiituriatorum
1291 423 1382 464 pme
1424 422 1509 451 me-

190 473 350 513 moratis
383 474 611 527 corpusculis
641 472 729 513 fiilso
763 473 985 527 impositum
1019 472 1136 513 fuisse.

308 537 417 592 Quae
449 549 569 591 quum
603 536 655 576 ita
689 536 777 587 sint,
812 538 861 577 de
881 537 1049 577 nominis
1080 549 1168 577 vera
1201 537 1369 591 origine,
1389 549 1510 591 quan-

187 607 273 640 tum
326 613 390 640 me
439 613 616 655 measque
659 600 940 640 obseruationes
988 601 1037 640 de
1081 600 1262 640 interiore
1307 612 1434 641 natura
1467 609 1510 642 et

184 664 452 704 constitutione
482 666 639 715 attinet,
681 664 730 705 sic
765 663 985 704 habendum
1022 664 1088 704 est.
1156 664 1282 706 Extra
1313 665 1511 706 inuestien-

188 736 230 767 te
261 729 320 768 sed
364 728 578 781 pellucida,
617 737 706 767 ante
739 728 870 768 omnia
912 728 1132 782 corpuscula
1166 729 1322 769 liberare
1357 726 1508 769 neceise

188 792 272 844 est,
306 804 403 845 quae
437 802 521 832 tum
556 792 751 844 spectata,
792 805 879 833 cum
914 791 1109 832 substantia
1141 805 1276 833 renum
1313 792 1509 834 succentu-

187 858 376 897 riatorum
398 888 409 907 ,
460 855 487 896 fi
526 856 710 897 duntaxat
760 856 1015 910 quantitatem
1056 856 1115 897 len
1156 857 1305 897 molem
1348 857 1509 908 demas,

192 919 294 961 haud
337 921 544 973 elegantius
586 920 792 960 conuenire
826 917 936 974 posse
970 920 1148 961 videntur
1168 951 1180 972 ‚
1213 920 1365 974 quando
1396 930 1514 960 nem-

189 996 240 1038 pe
273 994 354 1024 tam
390 984 657 1036 particularum
690 985 1013 1037 componentium
1034 1017 1046 1036 ,
1077 997 1191 1039 quam
1226 983 1364 1024 coloris
1399 993 1439 1024 et
1456 984 1513 1023 su·

188 1048 362 1102 perficiei
395 1047 603 1088 similitudo
635 1047 824 1101 praeclare
859 1048 1060 1102 spectatur.
1127 1047 1168 1089 Si
1201 1047 1362 1087 eaedem
1398 1047 1514 1102 parti-

189 1112 295 1152 culae
335 1112 432 1151 intus
466 1111 650 1164 spectatae
670 1145 679 1163 ,
711 1111 873 1151 viciss‘im
909 1111 1150 1152 conferantur
1172 1143 1182 1160 ‚
1217 1121 1299 1151 tum
1335 1113 1373 1150 iri
1403 1123 1515 1151 com-

191 1176 431 1229 plementum
464 1175 732 1226 similitudinis,
773 1188 795 1214 a
829 1175 980 1215 Diuiiio
1013 1174 1171 1229 opifice
1205 1186 1322 1215 verae
1340 1174 1515 1229 capsulae

194 1239 258 1280 hic
306 1240 544 1280 constructae
591 1238 791 1280 manifesto
844 1250 1057 1292 apparent:
1124 1237 1231 1280 Nam
1284 1237 1350 1278 vbi
1404 1239 1510 1291 prior

195 1303 393 1344 substantia
434 1303 532 1343 intus
569 1303 825 1354 tei-minatur,
868 1304 905 1342 ei
939 1303 1156 1353 continuo,
1191 1313 1261 1355 per
1299 1301 1516 1342 vniuersam

195 1366 575 1419 circumferentiam,
610 1367 732 1420 paries
764 1367 988 1419 peculiaris,
1023 1367 1082 1407 seu
1117 1365 1312 1408 substantia
1357 1363 1515 1419 pulposa

195 1441 315 1470 atro-
340 1444 526 1484 purpurea
580 1430 826 1484 superstructa
867 1431 950 1481 cst,
1001 1432 1063 1471 cui
1103 1431 1240 1470 cauitas
1279 1430 1443 1471 succedit
1476 1429 1516 1468 in

197 1495 387 1534 nonnullis
427 1494 643 1546 circularis,
692 1496 728 1534 in
766 1494 845 1534 aliis
888 1494 1084 1548 oblonga,
1128 1495 1274 1546 liquore
1308 1503 1520 1546 atro-pur-

200 1560 419 1612 piiralcerite
455 1558 622 1609 infec‘ta,
657 1570 751 1612 quae
786 1558 1097 1611 corpusculorum
1140 1557 1391 1611 magnitudini
1425 1568 1518 1610 pio·

199 1624 421 1676 portionata
463 1623 531 1662 est.
598 1621 639 1661 Si
683 1632 878 1674 praeterea
924 1622 1151 1671 adiicimus,
1194 1621 1421 1676 corpuscula
1464 1621 1520 1660 in-

200 1684 402 1726 dissolubili
441 1699 543 1726 nexu
575 1686 776 1739 aliquando
808 1685 953 1725 renibus
985 1685 1259 1725 succenturiatis
1279 1684 1522 1738 agglutinata,

200 1759 240 1789 et
283 1749 447 1803 perfecte
491 1750 597 1789 vnit-a
640 1747 748 1801 effe,
792 1759 836 1788 wt
869 1749 1017 1802 duplex
1050 1749 1276 1801 exemplum
1312 1747 1520 1801 perspicere

202 1814 299 1853 milii
332 1814 522 1866 contigit,
559 1823 638 1853 tum
676 1826 733 1852 res
768 1823 878 1853 tanto
905 1814 1039 1852 clarius
1064 1813 1331 1853 constituitur2
1377 1811 1517 1851 Sic-ie

202 1876 307 1915 fateri
341 1879 544 1930 cogimur,
591 1878 628 1916 iii
665 1876 711 1917 C.
750 1877 803 1917 H.
846 1889 866 1916 a
898 1875 1052 1917 Diuino
1088 1875 1251 1930 Opifice
1294 1875 1525 1928 multiilitcs

206 1952 314 1979 renes
342 1942 632 1981 succenturiatos
667 1942 892 1982 constitutos
928 1939 1032 1980 fuiffe
1053 1973 1062 1989 ,
1109 1953 1255 1994 nempe
1285 1950 1524 1993 proceriores

205 2002 291 2041 illos
306 2003 352 2041 ab
371 2003 594 2053 Eiistacliio,
622 2016 657 2044 et
677 2006 828 2058 reliquis
848 2005 1088 2045 Aiiatomicis
1106 2004 1285 2044 liac'tcrius
1301 2003 1517 2053 destriptos:

209 2076 245 2104 ct
266 2068 453 2117 minores,
484 2079 619 2106 eorum
645 2068 741 2108 haud
769 2069 954 2108 absimiles
975 2099 985 2117 ‚
1021 2081 1114 2122 quos
1141 2081 1215 2121 ego
1237 2100 1246 2118 ,
1281 2078 1395 2118 quum
1416 2077 1436 2102 a
1456 2075 1522 2102 ne—

202 2130 347 2177 imine,
399 2141 583 2183 quantum
624 2130 728 2182 scio,
780 2142 866 2172 ante
905 2144 969 2171 me
1014 2132 1225 2185 pei-uulgati
1266 2130 1365 2180 sint,
1397 2128 1523 2181 prima

273 2192 376 2234 Tom-
415 2193 463 2234 X
466 2194 541 2236 HI
543 2226 555 2246 ‚
823 2194 862 2234 A
882 2207 902 2235 a
922 2205 942 2232 a
1426 2202 1525 2229 nunc
