2044 2735
535 146 628 187 454
744 129 831 173 DE
849 127 1258 172 GAmoisArORA
1289 123 1603 168 VERSARVM
1617 125 1841 185 ρνΟΝο.

532 261 650 292 tarem
684 251 854 290 conferre
877 280 887 297 ‚
922 247 980 287 [ed
1014 246 1115 300 prius
1157 245 1254 285 bene
1289 245 1567 297 praeparandos
1598 243 1633 284 se
1668 244 1847 297 praebere

530 315 742 355 debuerint.
820 312 1013 352 Pertinent
1065 310 1158 350 haec
1222 309 1540 362 propaedeumata
1601 309 1741 362 partim
1802 309 1847 348 ad

531 380 719 432 pietatem
753 387 791 417 et
825 376 1017 429 religionis
1050 384 1282 428 praecepta,
1325 375 1460 426 partim
1497 374 1541 413 ad
1577 373 1654 412 illas
1688 372 1848 425 dilcipli-

532 455 596 483 nas
616 475 625 493 ‚
658 454 751 496 quae
782 441 914 481 ceteris
947 439 1122 479 omnibus
1155 448 1195 476 vt
1230 437 1473 476 instrumenta
1515 437 1727 476 iuieruiunt.
1794 437 1825 476 Η
1834 447 1848 476 t

533 518 764 560 quamquam
798 504 975 546 Nisibena
1017 502 1333 544 Nestorianorum
1378 499 1502 539 schola
1544 513 1679 540 omncs
1712 501 1850 540 litteras

533 569 731 610 saeculares
772 567 1024 617 excludebat,
1067 576 1111 605 vt
1155 563 1495 605 ASSEMANVS
1541 565 1676 604 harum
1720 575 1849 604 rerum

533 645 631 673 vnus
663 631 837 672 omnium
872 629 1112 685 peritissimus
1143 628 1248 669 Tom.
1289 629 1368 670 11².
1399 637 1491 683 pag.
1526 625 1848 668 DCCCCXLII.

534 697 727 737 ostendit:
761 695 863 735 idem
900 705 1026 734 tamen
1053 692 1234 746 subiungit
1268 692 1360 732 haec
1396 691 1708 732 luculentillima:
1745 689 1850 743 „Ce-

535 770 684 813 „terum
726 760 765 799 in
807 760 890 799 aliis
941 757 1258 800 Nestori-auorum
1300 755 1432 795 scholis
1475 766 1620 809 praeter
1662 756 1847 796 fiicrarum

536 825 772 877 „litterarum
823 822 986 864 studium
1039 831 1134 861 artes
1174 821 1289 859 etiam
1331 820 1499 859 liberales
1541 831 1676 860 omnes
1717 820 1848 860 doceri

534 886 786 940 „consueuiffe
808 919 819 937 ,
868 885 1155 940 grammaticam
1207 882 1344 923 scilicet
1366 915 1377 933 ,
1419 883 1647 923 rhetoricam
1672 915 1682 933 ‚
1724 884 1851 936 poeti-

534 965 672 1004 „cam,
722 950 958 991 dialecticam
980 982 990 1000 ‚
1041 947 1324 988 arithmeticam
1347 978 1358 998 ,
1400 947 1657 999 geometriam
1679 979 1689 998 ,
1740 947 1853 987 musl-

534 1028 648 1068 „cam
671 1047 683 1066 ‚
724 1014 1024 1063 astronomiam,
1064 1011 1298 1052 medicinam
1321 1043 1331 1062 ‚
1378 1009 1564 1063 alialqtie,
1607 1020 1850 1064 compertum

537 1111 564 1131 „
595 1079 647 1119 est
679 1091 730 1119 ex
763 1077 808 1118 iis
828 1110 838 1129 ,
872 1089 966 1131 quae
997 1075 1200 1116 Ebedicsus
1230 1072 1404 1114 Sobensis
1439 1075 1476 1113 in
1509 1074 1681 1126 catalogo
1699 1073 1849 1128 scripto-

534 1156 649 1196 „rum
682 1141 866 1194 Syrorum
900 1139 1028 1180 refert:
1064 1139 1130 1178 vbi
1167 1138 1344 1177 tractatus
1385 1138 1434 1177 de
1468 1136 1628 1177 scientiis
1661 1139 1852 1191 omnibus,

535 1219 609 1259 „ac
643 1205 858 1260 praesertim
881 1203 1134 1257 philosophici
1161 1211 1200 1241 et
1216 1200 1376 1253 medici,
1394 1201 1674 1252 recente-ntur„
1709 1201 1775 1241 His
1796 1213 1852 1242 ta-

535 1283 629 1312 men
668 1269 846 1311 omnibus
887 1268 1076 1307 maiorem
1116 1265 1178 1305 vel
1210 1266 1404 1306 minorem
1448 1262 1555 1305 fuiffe
1587 1276 1746 1318 operam
1779 1267 1852 1306 im-

533 1334 685 1388 pensam
706 1366 717 1386 ‚
760 1344 834 1387 pro
875 1344 924 1371 eo
961 1343 1004 1371 ac
1047 1341 1227 1382 tempora
1269 1325 1571 1369 Christianorum
1615 1328 1853 1381 floruerunt,

533 1407 600 1439 aut
629 1397 774 1451 magnis
814 1395 1087 1437 calamitatibus
1130 1389 1249 1446 preffa
1284 1402 1321 1431 ct
1353 1391 1494 1433 afflicta
1535 1391 1715 1443 fuerunt,
1747 1390 1854 1433 facile

535 1461 771 1515 intelligitur.
839 1458 1040 1498 Testantur
1082 1457 1129 1496 de
1161 1468 1211 1495 eo
1250 1467 1438 1506 canones,
1480 1468 1574 1508 quos
1605 1456 1747 1508 fiiepius
1778 1457 1856 1496 lan-

535 1525 640 1565 datus
673 1524 914 1565 orientalium
957 1534 1080 1561 rerum
1117 1531 1273 1572 promus
1311 1519 1454 1560 condus
1487 1516 1503 1559 ὁ
1542 1517 1668 1560 «πάνυ
1703 1518 1855 1560 ASSE-

536 1587 739 1630 MANVS
773 1589 875 1629 Tom.
912 1585 971 1626 IV
975 1617 982 1625 .
1014 1594 1101 1641 pag.
1137 1580 1316 1623 CMXL.
1353 1583 1567 1637 produxit,
1600 1584 1733 1636 quibus
1767 1597 1855 1624 cauae

538 1659 622 1692 tum
663 1654 746 1703 cst,
783 1662 828 1690 vt
867 1662 1002 1689 omues
1047 1647 1348 1687 Christianorum
1399 1646 1496 1698 filii,
1547 1656 1754 1699 antequam
1808 1647 1854 1686 ad

538 1725 659 1756 artem
714 1716 874 1767 aliquam
927 1712 1138 1752 dilcendam
1189 1711 1438 1749 admittantur
1467 1741 1476 1759 ‚
1524 1708 1651 1761 legant
1699 1708 1856 1750 Dauidis

535 1778 727 1831 pfiilmos,
761 1787 907 1816 nouum
949 1775 1220 1814 testamentum
1244 1803 1255 1822 ‚
1301 1784 1339 1811 et
1374 1784 1424 1812 ex
1459 1773 1578 1813 veteri
1614 1772 1698 1812 illos
1731 1774 1856 1813 maxi-

536 1855 604 1883 me
638 1852 793 1892 teXtus,
830 1841 892 1892 qui
927 1839 965 1877 in
1000 1837 1246 1877 conuentibus
1281 1834 1386 1874 laci-is
1420 1835 1535 1875 (olent
1570 1836 1748 1890 praelegi.
1784 1837 1858 1876 At-

541 1918 616 1959 que
656 1906 749 1946 hacc
790 1903 1009 1943 constitutio
1052 1900 1121 1941 fuit
1153 1899 1251 1938 edita
1290 1899 1557 1951 polle-rioribus
1589 1901 1854 1953 temporibus:

538 1983 656 2023 quum
703 1968 928 2009 felicioribus
967 1965 1062 2006 soliti
1105 1961 1249 2003 fiiilstiit
1293 1974 1411 2004 totam
1456 1962 1670 2015 (cripturam
1718 1965 1855 2005 latram

540 2035 579 2074 in
620 2033 753 2074 lcliolis
797 2030 1055 2086 pertrac‘tare,
1099 2038 1135 2066 et
1176 2039 1262 2066 tunc
1306 2027 1458 2067 ‹lt-mum
1501 2027 1546 2066 ad
1590 2027 1856 2068 nofiicomium

542 2097 710 2150 dimitti,
751 2098 814 2152 qui
854 2095 1060 2136 medicinae
1097 2092 1211 2130 leuitt
1249 2089 1494 2131 conlccratnri
1530 2103 1647 2131 crant.

1726 2156 1857 2212 Quum
