2044 2735
487 135 567 177 DE
600 132 768 179 soNis
801 131 1197 181 MVLTIFARHS
1410 148 1490 188 195

179 266 224 298 vt
255 255 365 297 simul
401 253 541 294 infiniti
575 255 656 295 soni
693 255 951 309 producantur
971 288 981 307 ‚
1015 267 1179 308 quorum
1222 264 1347 296 autem
1389 268 1501 296 com-

183 323 351 362 muniter
384 320 460 359 duo
494 330 639 359 tantum
674 330 735 359 :nit
770 330 846 360 tres
879 320 958 359 sunt
995 320 1262 372 perceptibiles
1293 320 1347 360 ob
1378 322 1498 361 nimi-

183 399 247 426 am
284 385 443 424 acutiem
475 383 538 422 vel
570 384 792 436 grauitatem
828 384 1066 436 reliquorum

300 449 405 488 Haec
439 448 489 487 ita
521 446 555 485 se
589 447 732 486 habent
766 459 851 486 cum
888 447 994 498 virga
1030 447 1147 486 vnico
1181 447 1220 487 in
1257 448 1406 501 puncto
1431 449 1502 489 de-

183 515 358 565 tinetur3
396 513 592 564 sequuntur
624 522 721 550 nunc
756 510 1057 563 experimenta,
1102 523 1196 550 cum
1239 513 1349 565 virga
1389 513 1498 554 fimul

183 578 316 617 duobis
350 576 413 615 vel
445 574 612 627 pluribus
645 575 682 612 in
716 573 810 613 locis
842 573 1060 614 cohibetur.

302 638 373 679 VI.
418 636 460 678 Si
501 637 605 689 virga
624 637 661 675 in
680 636 824 676 duobus
843 669 853 688 ,
892 637 1029 689 tribus,
1045 638 1111 679 vel
1136 649 1233 692 quot
1252 648 1347 693 quot
1369 640 1499 682 adsunt

182 704 294 744 nodis
328 701 434 742 simul
468 700 703 750 cohibeatur,
738 699 886 753 semper
920 702 1067 742 orietur
1100 702 1205 743 sonus
1222 704 1364 756 clarus,
1400 715 1440 744 et
1472 705 1501 746 si

185 767 251 806 vel
293 767 409 805 vnico
451 764 491 803 in
530 763 620 803 loco
662 774 773 803 extra
822 764 1056 818 positionem
1108 768 1204 808 nodi
1253 768 1499 822 detineatur,

181 831 293 871 sonus
323 829 426 869 illico
459 826 700 868 luffocabitur
732 829 784 868 ita
817 841 856 868 v.
891 841 950 882 gr.
987 832 1026 870 in
1058 829 1179 884 figunt
1210 833 1340 885 quinta
1359 843 1498 873 noten-

181 905 242 935 tur
273 892 415 948 punsta
445 905 485 943 e,
495 904 547 945 g,
567 889 600 931 C
611 890 687 943 ,h,
697 891 745 947 s,
779 892 825 932 ad
857 906 1036 935 normam
1070 895 1229 936 tabellae
1270 898 1304 946 §.
1333 897 1496 939 XVIII.

179 969 291 1011 atque
323 957 363 997 in
400 956 549 1009 singulis
584 957 733 1009 punffis
766 957 873 1010 virga
907 958 1148 1010 detineatur,
1184 961 1235 1000 ita
1277 971 1409 1001 tamen
1450 971 1498 1003 vt

179 1022 309 1062 obices
343 1020 507 1075 apposrti
541 1021 682 1073 angulo
715 1031 829 1060 acuto
864 1022 1010 1075 virgam
1027 1025 1261 1075 coerceant,
1293 1025 1402 1065 sonus
1420 1025 1494 1066 cla-

177 1098 240 1127 rus
282 1086 516 1140 percipietur
557 1085 717 1138 talisque
761 1094 799 1124 et
840 1085 942 1127 idem
985 1088 1230 1140 permanebit
1269 1089 1295 1129 fi
1339 1089 1496 1131 obicem

177 1163 300 1191 vnum
333 1149 546 1189 alterumue
575 1160 801 1202 remouea53
837 1149 897 1189 sed
930 1151 1178 1204 opprimetur
1215 1152 1324 1193 sonus
1364 1153 1390 1193 fi
1434 1153 1498 1194 lo·

178 1227 242 1255 cus
281 1214 401 1253 obicis
440 1214 690 1266 cuiuscunque
728 1212 953 1254 notabiliter
1003 1224 1182 1256 mutetur.
1263 1216 1495 1259 Notandum

179 1288 311 1318 tamen
342 1276 405 1316 hic
439 1276 490 1316 est
512 1307 523 1327 ‚
559 1276 760 1330 postquam
794 1277 885 1317 nodi
919 1290 974 1318 ex
1007 1279 1144 1319 tabella
1178 1281 1295 1320 notati
1338 1280 1379 1319 in
1413 1281 1496 1321 vir-

180 1355 226 1396 ga
260 1341 426 1392 fuerint,
458 1351 543 1380 tum
578 1341 734 1381 demum
774 1340 861 1381 loca
902 1354 994 1382 vera
1035 1344 1314 1396 experimentis
1343 1357 1495 1385 accura-

179 1408 250 1446 tius
301 1402 377 1444 ess‘e
417 1404 686 1458 exploranda,
726 1405 832 1457 quod
860 1406 967 1446 facile
1002 1405 1090 1459 fiet,
1131 1408 1157 1448 si
1192 1408 1336 1448 nodum
1371 1422 1493 1450 vnum

180 1470 266 1524 post
300 1469 458 1509 alterum
493 1469 685 1522 inquira53
722 1467 890 1522 haecque
924 1471 1072 1511 tantilla
1103 1472 1295 1512 correffio
1326 1471 1494 1513 neceffa-

177 1535 233 1575 ria
274 1533 355 1583 est,
393 1533 480 1586 quia
522 1533 651 1586 virgae
692 1545 780 1572 mro
819 1531 900 1573 sunt
932 1535 1045 1587 plane
1078 1534 1324 1576 vnisormiter
1354 1534 1496 1577 crassae

177 1608 216 1638 et
248 1596 414 1637 clasticae
434 1629 444 1648 ,
477 1606 560 1637 tum
594 1597 712 1636 etiam
747 1597 849 1649 quod
882 1598 1040 1638 tabellae
1072 1599 1221 1639 numeri
1254 1606 1333 1639 non
1353 1600 1422 1640 sint
1441 1602 1495 1642 ita

178 1661 357 1706 aecurrati
376 1692 386 1711 ,
429 1660 518 1713 quin
560 1673 636 1700 vna
675 1661 838 1701 alteraue
885 1663 1068 1714 particula
1108 1662 1272 1704 deficere
1314 1663 1491 1718 possint3
1523 1678 1536 1692 ³

180 1724 361 1780 Denique
399 1725 590 1776 virgarum
625 1723 821 1776 craffities,
856 1727 960 1767 cuius
992 1727 1138 1767 nullam
1172 1728 1360 1768 rationem
1403 1728 1491 1768 feci-

178 1803 293 1841 mus,
326 1800 410 1830 tum
443 1788 552 1829 sonos
587 1799 669 1829 tum
701 1789 892 1831 nodorum
926 1790 1010 1832 loca
1049 1791 1325 1846 aliquantillum
1365 1803 1495 1833 muta-

177 1866 216 1894 re
247 1851 414 1907 possunt.

292 1916 386 1958 Vll.
420 1915 599 1971 Denique
631 1918 903 1972 experimenta
934 1918 1008 1960 feci
1040 1921 1140 1961 circa
1172 1919 1285 1961 sonos
1325 1921 1492 1962 laminae

178 1980 326 2019 diuersis
368 1982 493 2020 modis
535 1982 733 2022 vibratae:
777 1984 906 2036 primo
948 1996 1091 2038 nempe
1130 1986 1341 2038 exploratis
1380 1986 1491 2026 nodis

179 2058 197 2084 e
231 2054 271 2082 ct
295 2043 330 2098 s
354 2044 391 2082 in
424 2043 539 2096 figura
575 2046 700 2097 prima
731 2046 804 2087 siue
836 2046 984 2087 calculo
1003 2048 1076 2088 siue
1097 2050 1302 2099 tentando,
1339 2050 1489 2101 virgam

181 2108 219 2147 in
255 2107 366 2147 nodis
398 2107 474 2148 istis
505 2108 700 2151 detentam
733 2111 889 2163 percuffi
923 2111 1127 2167 sonumque
1159 2124 1340 2167 quantum
1381 2112 1490 2164 potui

754 2171 788 2212 B
808 2173 833 2213 b
863 2186 886 2212 2
1394 2186 1487 2214 con·
