2044 2735
231 100 412 143 SVPER
447 96 642 142 PLANO
673 97 1075 142 HORISONTALI
1102 96 1325 143 ASPERO
1394 111 1474 154 241

170 220 267 261 OV
303 220 377 259 siue
414 219 559 259 laltibus
592 217 792 259 secundum
825 231 944 260 vnam
982 229 1123 261 certam
1154 219 1414 260 continuitatis
1432 217 1487 259 le-

170 297 260 337 gem
281 284 365 323 alili)
383 284 554 334 nique-at,
573 294 614 321 ac
635 282 681 321 de
701 283 850 336 reliquis
868 284 1091 338 corporibus
1106 282 1263 324 sufficiat
1280 281 1487 335 annotaffe,

173 349 228 387 vri
275 347 327 387 cst
374 345 512 386 fictum
551 378 561 396 ‚
607 346 740 399 quibus
789 346 926 386 casibus
960 357 1087 387 motus
1128 346 1379 401 progressurus
1412 346 1490 387 sine

174 411 445 464 prouolutione
479 408 560 449 fieri
593 408 719 462 pouit.
787 409 893 450 Inter
926 409 1146 450 huiusmodi
1184 421 1312 450 autem
1346 421 1491 463 corpo·

172 488 212 514 ra
247 475 413 526 primum
444 475 619 513 omnium
653 472 954 526 deprehenditur
984 474 1134 526 globus,
1171 474 1275 513 cuius
1314 483 1489 514 centrum

173 538 365 590 grauitatis
398 537 437 576 in
470 534 549 589 ipso
581 535 686 587 globi
721 546 859 575 centro
895 539 1086 587 verlatur,
1129 535 1265 588 globus
1299 537 1403 576 enim
1436 546 1491 576 ta-

175 602 220 641 lis
256 611 365 640 motu
409 602 593 638 continuo
635 599 711 638 sine
753 598 842 638 saltu
886 601 995 653 super
1035 600 1152 654 plano
1192 599 1289 641 OV
1326 599 1493 640 rotando

172 665 352 719 progredi
395 662 532 714 potest.
601 660 757 702 Deinde
797 666 912 702 etiam
956 664 1004 704 ad
1047 663 1145 704 hanc
1187 660 1338 705 claffem
1373 663 1495 718 perti-

175 739 268 768 nent
312 727 504 778 cylindri,
550 727 613 780 qui
648 736 826 766 centrum
858 727 1054 780 grauitatis
1096 729 1135 767 in
1170 728 1302 768 medio
1338 728 1422 768 axis
1441 726 1494 767 sui

175 791 320 845 puncto
352 790 460 829 situm
496 788 689 842 habeant,
724 790 751 830 si
784 791 988 831 secundum
1025 791 1279 832 directionem
1313 791 1358 830 ad
1375 803 1492 832 axem

173 855 388 895 normalem
435 864 665 893 moueantur
749 854 944 894 Praeterea
988 854 1061 895 huc
1096 854 1224 895 referri
1259 854 1415 908 poffunt
1447 865 1490 893 o-

173 920 277 960 mnia
328 929 492 970 corpora
543 918 702 958 rotunda
723 951 733 969 ‚
782 931 877 971 quae
920 928 1097 972 vtrinque
1138 921 1235 958 circa
1285 918 1492 959 sectionem

173 996 243 1038 per
277 991 449 1022 centrum
486 982 678 1034 grauitatis
710 980 850 1021 factam
885 993 924 1023 et
956 983 1002 1021 ad
1037 995 1151 1023 axem
1187 982 1403 1022 normalem
1439 993 1493 1022 ex

172 1047 337 1101 partibus
377 1045 591 1099 aequalibus
631 1056 670 1085 ct
704 1045 883 1085 similibus
916 1045 1089 1086 constent
1110 1077 1119 1090 ,
1159 1046 1373 1086 cuiusmoui
1405 1057 1498 1086 cor-

173 1123 270 1164 pora
301 1108 508 1148 formantur
549 1122 599 1148 ex
649 1108 896 1148 Conuersione
937 1109 1075 1160 figurae
1116 1110 1253 1163 planae
1302 1111 1498 1151 diametro

175 1172 425 1225 orthogonali
479 1173 666 1224 praeditae
700 1172 797 1210 circa
839 1173 1051 1212 ordinatam
1105 1174 1297 1212 diametro
1339 1185 1496 1214 norma-

175 1238 328 1278 malem.
395 1234 594 1275 Eiusmodi
637 1247 741 1275 enim
784 1247 926 1289 corpus
972 1236 1178 1276 rotundum
1221 1235 1330 1290 super
1380 1237 1497 1290 plano

178 1300 271 1342 OV
313 1299 510 1353 positum,
553 1310 591 1338 et
632 1309 781 1339 motum
826 1300 864 1339 in
911 1299 1123 1340 directione
1167 1300 1400 1341 horizontali
1449 1301 1496 1342 ad

178 1364 282 1404 suum
316 1376 428 1403 axem
462 1363 623 1403 normali
657 1372 735 1402 tam
773 1365 1053 1417 progrediendo
1085 1377 1197 1418 quam
1232 1365 1395 1405 rotando
1420 1364 1497 1404 fine

178 1428 368 1467 suba-anco
400 1427 483 1466 [altu
528 1428 676 1466 moueri
720 1430 876 1480 poterit.
944 1427 987 1467 Id
1023 1438 1168 1467 tantum
1201 1428 1255 1468 est
1289 1429 1497 1469 tenendum

178 1502 222 1530 vt
242 1492 319 1530 axii
338 1491 510 1543 corpori>
528 1492 571 1530 ad
606 1503 720 1543 quem
754 1504 890 1531 omnes
923 1490 1103 1531 sectiones
1120 1491 1347 1532 normaliter
1376 1490 1498 1531 factae

180 1555 259 1594 sunt
284 1555 411 1594 circuli
442 1554 551 1594 simul
579 1566 646 1606 per
688 1557 864 1595 omnium
910 1554 1120 1596 sectionum
1161 1566 1290 1597 centra
1311 1556 1500 1609 gtauitatis

182 1617 370 1668 transcat,
415 1630 490 1671 quo
532 1618 764 1670 proprietate
797 1621 880 1659 axis
923 1621 1181 1672 permanentis
1223 1620 1265 1660 sit
1296 1619 1496 1673 praeditus.

299 1682 333 1729 ξ.
368 1694 436 1731 30.
474 1681 673 1721 Incumbat
717 1683 829 1735 igitur
875 1683 1062 1723 eiusmodi
1112 1696 1249 1738 corpus
1289 1682 1499 1723 rotundum

183 1745 298 1798 plano
329 1746 368 1786 O
390 1746 422 1783 V
460 1746 509 1784 ita
548 1755 588 1783 tt
620 1745 700 1783 eius
735 1747 815 1786 axis
847 1747 890 1787 sit
924 1747 1190 1798 horizontalis,
1223 1757 1332 1802 atque
1351 1758 1502 1800 reprae-

183 1812 300 1848 {cntet
337 1809 493 1848 circulus
535 1808 629 1849 DH
653 1806 685 1848 C
728 1810 805 1849 eius
838 1810 1045 1852 rectionem
1089 1812 1257 1852 mediam
1279 1844 1289 1862 ,
1325 1812 1363 1851 in
1398 1811 1570 1864 cuiuspfg
1593 1833 1626 1863 ⁴-

186 1883 317 1910 ceutro
350 1872 387 1914 G
423 1873 587 1924 politum
623 1874 695 1912 erit
728 1875 841 1914 totius
870 1876 1046 1929 corporis
1080 1885 1254 1916 centrum
1288 1875 1499 1929 grauitatis,

186 1936 265 1973 cius
307 1937 386 1974 axis
427 1948 552 1976 auem
598 1940 667 1976 erit
710 1938 810 1978 resta
851 1938 1100 1979 horizontalis
1143 1951 1211 1994 per
1251 1937 1290 1980 G
1324 1938 1502 1979 transiens

190 2008 298 2050 atque
341 1999 383 2037 ad
427 2000 578 2050 planum
622 2001 796 2040 sectionis
830 2001 949 2043 DHC
983 2003 1176 2043 normalis.
1245 2003 1398 2056 Tanget
1431 2001 1500 2053 igi-

190 2070 250 2100 tur
282 2061 354 2100 hoc
388 2072 526 2113 cofpus
558 2062 715 2117 planum
748 2064 953 2108 subiectum
986 2067 1064 2109 OV
1098 2066 1165 2107 vel
1194 2067 1234 2107 in
1267 2067 1386 2107 vnico
1403 2075 1501 2117 pun·

254 2125 355 2167 Tam.
391 2125 499 2167 xm.
803 2129 842 2169 n
875 2129 904 2170 h
1435 2124 1503 2166 &0
