2044 2735
504 86 525 107 ,.
543 100 632 160 8¹10
691 74 772 150 15ss
790 103 1191 150 PERFICIENDIS
1209 101 1416 147 MAPPJS
1434 99 1848 145 GEOGRAPHICIS

539 226 663 266 rectus
703 233 741 265 et
781 223 1051 277 cousequenter
1089 234 1193 262 arcus
1218 217 1356 271 ⁴AFC
1397 231 1502 260 arcus
1534 219 1662 260 circuli
1693 220 1851 261 minoris

541 302 597 339 90
633 289 830 342 graduum.
898 286 1176 340 Repraesentet
1207 297 1312 326 arcus
1345 281 1469 325 AFC
1504 284 1619 337 primi
1652 284 1851 324 meridiani

499 349 505 355 “
541 361 688 406 partem
725 363 763 392 et
797 361 974 391 centrum
1008 351 1238 391 circulorum
1275 347 1308 389 C
1344 348 1503 403 polum,
1537 346 1692 387 circulus
1725 349 1851 388 maior

543 414 724 456 ABDA
759 425 1030 468 aequatorem,
1065 424 1105 454 ct
1139 414 1244 454 dicto
1277 413 1399 453 modo
1433 422 1571 451 omnes
1604 410 1737 464 reliqui
1770 423 1851 451 me-

541 480 671 519 ridiani
705 492 772 533 per
803 478 1033 532 singulorum
1067 478 1247 531 graduum
1280 477 1415 528 initia,
1447 474 1513 515 vel
1545 474 1648 515 sicuti
1678 471 1855 527 Geogra-

539 543 608 596 phi
642 545 680 583 in
711 555 863 596 mappis
894 542 1014 582 solent
1047 554 1116 595 per
1146 540 1377 593 singulorum
1418 540 1623 592 quinorum
1673 538 1854 592 graduum

542 607 650 646 initia
691 616 841 646 tantum
891 606 1084 646 ducantur.
1157 605 1246 645 Hoc
1285 604 1385 644 fusto
1435 602 1662 643 meridianus
1705 604 1855 655 primus

540 668 667 710 AFC
701 670 887 710 diuidatur
919 671 957 709 in
993 669 1197 721 nonaginta
1237 668 1319 707 suos
1358 667 1520 719 gradus,
1562 667 1729 706 numeris
1769 678 1854 718 gra-

541 733 656 773 duum
692 733 896 786 appositis,
932 741 972 772 et
1003 744 1071 785 per
1102 732 1333 784 singulorum
1368 730 1552 782 graduum
1583 731 1766 769 terminos
1785 730 1854 769 du-

542 807 675 837 cantur
708 809 759 836 ex
791 807 924 837 centro
956 796 1030 836 siue
1064 795 1162 835 Polo
1196 794 1358 846 circuli,
1388 793 1428 832 hi
1461 792 1589 832 circuli
1616 793 1856 833 exhibebunt

543 860 754 914 parallelos.
820 861 943 901 Porro
977 871 1028 899 ex
1063 859 1187 899 tabula
1220 857 1500 911 longitudinum
1536 864 1574 896 et
1614 856 1854 896 latitudinum

545 924 722 964 locorum
756 923 841 964 loca
874 923 950 977 ipsa
984 923 1247 962 transferantur
1280 922 1318 961 in
1349 933 1531 973 mappam
1555 953 1564 971 ,
1598 921 1655 959 vti
1686 932 1706 959 a
1748 919 1857 961 Geo-

544 987 703 1041 graphis
736 987 820 1027 fieri
855 987 946 1026 solet
967 1019 977 1037 ,
1010 995 1048 1025 et
1080 986 1237 1025 tandem
1271 984 1363 1024 scala
1395 984 1627 1024 chordarum
1662 991 1701 1023 ct
1734 984 1858 1023 radio-

545 1063 633 1090 rum
674 1050 940 1102 parallelorum
986 1048 1164 1101 sphaerae
1203 1059 1346 1100 mappa
1385 1047 1614 1095 instruatur,
1646 1047 1704 1086 πὶ
1738 1047 1859 1099 supra,

547 1122 593 1152 vt
626 1125 758 1152 earum
794 1125 871 1166 ope
903 1111 1095 1152 distantiae
1128 1110 1302 1150 locorum
1337 1109 1499 1149 inueniri
1534 1108 1686 1162 possint.

665 1177 699 1225 §.
726 1189 796 1226 19.
833 1176 937 1216 Inter
954 1174 1222 1229 proprietates,
1242 1172 1376 1227 quibus
1391 1173 1575 1226 descripta
1592 1185 1731 1226 mappa
1749 1184 1860 1227 prae-

545 1238 650 1280 cellit
685 1240 765 1280 aliis
787 1271 798 1292 ,
837 1241 961 1280 refero

703 1316 741 1343 x.
777 1304 881 1358 quod
912 1304 1086 1344 locorum
1118 1301 1287 1342 eiusdem
1322 1301 1522 1343 meridiani
1554 1300 1743 1341 distantias
1770 1301 1863 1355 ipfiis

551 1375 592 1407 ct
625 1366 785 1408 chordas
819 1367 1075 1408 distantiarum
1111 1365 1292 1405 exhibeat
1311 1399 1322 1418 ,
1354 1375 1397 1405 vt
1430 1364 1581 1405 cuilibet
1612 1364 1717 1404 filcile
1744 1374 1860 1418 patet.

695 1444 733 1469 2.
769 1432 872 1484 quod
905 1429 1091 1484 quaelibet
1124 1442 1208 1482 pars
1238 1431 1276 1468 in
1312 1429 1383 1470 hac
1408 1441 1550 1481 mappa
1577 1429 1764 1468 rationem
1792 1428 1864 1468 ha-

554 1494 640 1533 beat
676 1495 723 1534 ad
766 1495 972 1548 quamlibet
1011 1492 1120 1532 aliam
1166 1505 1281 1546 quam
1325 1493 1463 1533 habere
1500 1491 1624 1531 debet.
1690 1492 1778 1532 Hoc
1817 1501 1863 1532 τε

553 1558 812 1598 demonstrem
845 1558 1010 1611 sequenti
1045 1556 1189 1595 ratione
1234 1568 1381 1609 pergo:

668 1619 726 1661 Sit
765 1621 896 1662 AFD
935 1619 1187 1661 semicirculus
1225 1620 1400 1673 sphaerae
1442 1618 1663 1668 maximus,
1701 1618 1744 1657 sit
1777 1616 1861 1657 AB

554 1683 697 1723 chorda
729 1686 920 1725 cuiusdam
956 1694 1089 1732 arcus,
1125 1681 1207 1722 AC
1250 1684 1417 1723 eiusdem
1460 1695 1561 1721 arcus
1592 1681 1686 1722 sinus
1728 1680 1863 1734 versus,

531 1748 623 1787 ‘erit
658 1760 727 1800 per
759 1749 946 1801 principia
980 1745 1229 1787 Geometrica

918 1813 954 1851 Α
975 1810 1018 1850 D
1039 1823 1046 1847 ε
1067 1808 1105 1848 Ἀ
1125 1806 1159 1847 Β
1178 1824 1232 1849 Ξ
1251 1809 1289 1849 Α
1309 1808 1342 1849 Β
1363 1827 1369 1851 ;
1392 1809 1428 1850 Α
1449 1807 1482 1849 C

559 1870 619 1914 Sit
653 1875 730 1916 AF
764 1876 834 1915 alia
866 1875 1006 1915 chorda
1039 1879 1078 1910 ct
1112 1871 1199 1913 AG
1234 1873 1329 1913 finus
1357 1874 1480 1913 vei-ssis
1506 1875 1579 1913 erit
1609 1874 1745 1914 iterum
1766 1871 1859 1913 AD:

559 1938 696 1979 AF:
716 1938 915 1981 AF:AG
949 1950 986 1978 et
1021 1939 1067 1979 fic
1100 1936 1281 1977 diameter
1314 1938 1359 1977 ad
1377 1938 1588 1991 quamlibet
1607 1938 1790 1977 chordam
1811 1936 1861 1975 cst

558 2011 605 2042 vt
636 2005 772 2045 cadem
803 2003 946 2044 chorda
977 2006 1020 2045 ad
1057 1998 1173 2040 finum
1207 2000 1336 2040 ssiuum
1381 2001 1541 2041 vei-[iim.
1609 2000 1769 2055 Conleq.

953 2065 1085 2102 anae
1121 2088 1171 2092 ,-
1214 2061 1268 2096 As?
1312 2086 1364 2093 —.
1405 2059 1470 2085 ,iffi

955 2105 1084 2133 anae·
1117 2108 1173 2114 -
1215 2105 1270 2129 Ao
1311 2106 1364 2114 -
1406 2099 1470 2127 ,κν

404 1729 477 1781 Fig.
504 1738 527 1766 6

1823 2146 1860 2180 ct
