2044 2735
553 126 645 173 418
786 117 864 160 DE
902 112 1218 158 ALCIBIADE
1253 110 1616 159 CERTAMINIS

669 234 771 291 Quid
805 242 930 275 autern
965 232 1030 273 sibi
1060 232 1145 273 vult
1164 265 1174 284 ‚
1215 231 1318 285 quod
1352 231 1455 270 idem
1487 240 1622 283 vateS,
1663 232 1736 274 siue
1768 233 1862 274 EV·

553 297 770 340 RIPIDES
792 299 821 337 is
840 296 918 347 suit,
938 296 1013 336 siue
1033 296 1191 349 quisquis
1209 295 1318 345 alius,
1353 292 1414 342 δὶς
1437 289 1646 344 ςεΦΘέντα
1666 329 1676 347 ,
1711 297 1764 336 bis
1799 309 1864 336 co-

553 373 728 402 ronatum
772 360 1013 400 Alcibiadem
1054 357 1188 400 dixit?
1223 356 1337 398 Certe
1381 359 1420 397 in
1452 358 1702 410 Olympicis,
1737 360 1859 400 omni·

552 427 691 479 busque
732 425 839 464 meris
879 423 1174 474 certaminibus,
1218 423 1255 461 in
1289 421 1422 475 quouis
1466 422 1678 461 decertandi
1727 434 1864 475 genere

552 499 702 530 tantum
746 489 878 528 vnicns
910 495 990 526 crat
1010 518 1020 537 ,
1061 486 1122 539 qui
1155 485 1360 525 victoriam
1383 517 1392 535 ,
1435 485 1586 537 eiusque
1621 485 1765 538 signum
1799 497 1862 526 co-

553 566 714 600 ronam,
753 550 987 603 accipiebat:
1023 559 1060 589 ct
1094 550 1202 589 omni
1235 549 1474 600 antiquitati,
1505 547 1649 601 ipsique
1683 549 1784 588 sacro
1802 560 1868 589 co·

555 618 628 657 dici
669 615 784 655 fidem
817 614 998 665 derogant
1018 645 1028 663 ‚
1071 614 1133 665 qui
1166 615 1262 652 secus
1290 612 1459 651 statuunt.
1527 610 1773 651 Confundunt
1804 625 1868 652 au-

553 689 632 719 tem
667 679 875 718 certamina
911 671 1136 730 Θεματικὰ,
1180 688 1273 729 quae
1306 675 1479 715 lucratiua
1523 685 1628 714 erant
1649 708 1658 725 ‚
1693 688 1781 715 curn
1815 676 1868 715 131-

551 744 650 782 criss:
701 751 741 780 ct
783 741 887 794 quod
929 741 981 779 ibi
1024 741 1091 779 tria
1133 749 1335 792 quatuorue
1379 739 1574 790 praemia,
1609 749 1671 777 aut
1707 741 1867 792 qunque

554 807 652 847 adeo
701 815 807 844 crant
828 836 838 854 ,
873 803 973 843 male
1020 801 1242 842 transferunt
1277 802 1322 840 ad
1354 801 1451 840 sacra
1483 803 1701 841 certamina.
1755 801 1870 842 Cuius

555 867 789 922 grauiffimae
834 866 1076 906 aberrationis
1115 866 1194 905 dux
1237 875 1274 905 et
1313 864 1446 903 auc‘tor
1479 861 1553 902 effe
1586 865 1684 903 mihi
1720 867 1870 905 videtur

554 934 617 972 vir
650 933 734 970 Iane
767 929 997 970 doetiffimus
1031 939 1068 968 et
1101 927 1403 981 diligentiiiimus
1434 926 1644 968 PETRVS
1673 927 1867 980 FABER,

554 996 619 1048 qui
650 994 677 1034 ss
717 1004 797 1034 tam
831 993 925 1032 bene
955 991 1155 1045 digessiffet
1189 988 1244 1032 τὰ
1276 986 1558 1046 ἀγωνιστικὰ,
1592 1003 1705 1043 quam
1744 993 1868 1032 sedulo

555 1057 738 1110 congessit
771 1057 816 1096 ad
850 1056 926 1095 hoc
960 1065 1226 1109 argumentum
1259 1055 1484 1107 pertinentia
1505 1086 1515 1104 ,
1548 1053 1643 1093 sorte
1677 1055 1772 1095 nihil
1806 1066 1868 1096 aut

555 1134 690 1174 parurn
738 1117 947 1172 reliquisset
985 1131 1119 1158 eorum
1160 1118 1355 1159 industriae
1378 1150 1387 1168 ,
1429 1118 1492 1170 qui
1535 1115 1618 1170 post
1659 1118 1778 1170 ipsum
1821 1119 1868 1159 ad

554 1184 656 1224 hunc
701 1184 922 1236 antiquitatis
970 1193 1152 1235 campum
1193 1179 1375 1235 progressi
1416 1179 1508 1220 (unt.
1574 1180 1695 1220 Omni
1739 1191 1868 1222 autem

556 1248 678 1287 modo
711 1246 914 1286 contendit
947 1245 1163 1298 persuadere
1197 1246 1334 1294 nobis,
1369 1244 1471 1297 quod
1504 1242 1640 1283 fuerint
1681 1245 1717 1284 in
1761 1247 1869 1285 omni

556 1311 815 1351 certaminum
849 1321 988 1362 genere
1022 1308 1213 1362 proposita
1247 1309 1367 1362 prima
1401 1316 1441 1346 et
1481 1307 1636 1348 secunda
1679 1318 1718 1347 et
1760 1310 1870 1348 tertia

557 1375 756 1428 praemia,
797 1383 842 1412 vt
876 1373 938 1427 qui
978 1371 1071 1412 effer
1114 1372 1247 1425 primis
1286 1370 1481 1422 exclusus,
1526 1383 1603 1410 non
1645 1381 1770 1411 tamen
1814 1372 1872 1412 his

559 1438 769 1478 minoribus
800 1435 1076 1476 defraudaretur
1096 1467 1106 1486 ,
1149 1435 1250 1474 cuius
1282 1435 1436 1486 aliquod
1474 1435 1654 1474 meritum
1687 1448 1775 1487 prae
1809 1448 1872 1474 ce-

559 1502 648 1540 teris
680 1499 764 1554 post
797 1499 982 1539 victorem
1018 1497 1256 1551 antagonistis
1289 1495 1425 1537 fuisset.
1493 1496 1536 1537 Id
1574 1509 1665 1536 xero
1698 1508 1740 1536 vt
1761 1511 1869 1538 com-

559 1563 724 1617 probet,
767 1563 866 1601 inter
903 1562 975 1601 alia
1016 1561 1206 1601 adducitur
1248 1561 1368 1600 etiam
1405 1573 1476 1612 pro
1510 1559 1728 1599 testimonio
1766 1562 1872 1600 Alci-

560 1627 676 1667 biadis
707 1625 949 1678 exemplum.
985 1625 1099 1665 Vnde
1140 1636 1279 1676 operae
1323 1625 1489 1677 pretium
1531 1621 1688 1662 finiturus
1721 1625 1869 1675 videor,

560 1690 587 1730 si
620 1690 717 1729 hanc
751 1700 835 1727 rem
871 1689 1076 1728 accuratius
1110 1688 1365 1740 perpendero.

676 1751 858 1791 Mentem
893 1750 991 1789 suam
1023 1751 1070 1788 de
1105 1750 1268 1801 pluribus
1301 1749 1475 1800 praemiis
1511 1748 1715 1800 propositis
1745 1750 1869 1790 multis

562 1815 712 1869 quidem
749 1813 842 1852 locs
863 1843 873 1861 ‚
910 1812 969 1851 sed
1002 1811 1197 1852 clariffimc
1232 1810 1392 1850 edisserit
1426 1810 1510 1850 Lib.
1546 1810 1617 1851 111.
1658 1825 1740 1865 pag.
1765 1826 1867 1862 309.

564 1879 654 1930 „vbi
709 1877 801 1916 hacc
841 1875 1027 1928 legimus:
1074 1874 1232 1927 praemii
1277 1887 1420 1913 nomen
1463 1874 1684 1927 simpliciter
1724 1886 1760 1915 ct
1794 1877 1870 1916 sine

561 1941 802 1992 „adiectione
838 1939 1030 1992 prolatum
1064 1938 1130 1977 {oli
1167 1938 1292 1990 primo
1335 1938 1524 1991 competit
1546 1968 1556 1988 ,
1592 1937 1681 1977 ficut
1716 1950 1754 1978 et
1788 1941 1870 1980 bra-

563 2006 672 2056 ‚,bii,
714 2004 815 2058 quod
858 2015 951 2042 vnus
996 2011 1141 2041 tantum
1185 2001 1401 2040 merebatur
1443 2011 1503 2039 aut
1537 2001 1773 2054 accipiebat,
1808 2004 1869 2056 qui

561 2068 711 2120 „vietor
740 2080 762 2106 a
798 2077 984 2119 praecone
1019 2063 1145 2119 palam
1181 2064 1415 2104 renunciatus
1447 2064 1588 2117 force„
1650 2065 1871 2117 lbidcmquc

1757 2138 1874 2182 caput
