2044 2735
325 148 507 193 SVPER
542 146 743 194 PLANO
775 147 1098 193 INCLINATO
1128 149 1361 192 ASPERO.
1432 163 1520 201 199

204 272 311 325 ipsa,
348 283 464 326 qnam
498 271 536 310 in
571 270 821 324 praecedente
854 266 1116 309 differtatione
1150 269 1197 309 de
1229 280 1341 310 motu
1379 283 1525 324 corpo-

205 349 291 377 rum
342 336 448 388 super
498 334 613 387 piano
656 334 888 374 horizontali
926 333 1061 385 aspero
1104 332 1274 386 exposui.
1343 334 1525 375 Omnino

209 403 314 441 enim
361 400 418 439 vis
457 398 634 438 methodi
676 399 713 438 in
757 397 832 436 hoc
873 396 1069 446 consistit,
1111 408 1152 436 vt
1192 408 1379 449 quantum
1412 399 1523 438 datae

215 465 311 504 vires
355 476 493 516 corpus
537 462 773 501 sollicitantes
813 461 852 498 in
895 469 1006 499 motu
1052 460 1131 499 cius
1173 470 1253 500 tam
1290 462 1525 514 progreiiiuo

210 541 329 582 quam
370 527 558 567 rotatorio
600 537 690 564 cum
732 524 952 576 gener-ando
994 532 1077 562 tum
1111 524 1309 563 aiter-ando
1345 526 1521 577 valeant,

209 591 390 644 assignare
432 588 623 643 poffimus.
691 586 769 627 Has
800 596 932 626 autem
974 586 1120 638 regulas
1138 619 1148 638 ,
1190 599 1277 640 quas
1318 598 1448 628 natura
1484 590 1522 629 in

210 654 431 696 huiusmodi
480 651 648 692 motibus
696 650 834 689 mixtis
882 650 1095 690 constantes
1137 650 1336 691 obseruare
1378 652 1525 704 debet,

210 731 299 759 cum
352 719 389 757 in
425 715 606 768 superiori
653 711 912 754 differ-tatione
962 713 1037 754 fuse
1076 714 1266 769 exposui,
1311 725 1394 756 tum
1437 717 1525 757 alibi

210 783 361 824 summo
393 780 522 832 rigore
555 778 832 818 demonstratas
865 778 962 818 dedi.

324 845 358 893 §.
381 856 422 893 4.
459 841 501 883 Si
533 841 748 883 descensum
790 854 1003 896 corporum
1047 843 1154 896 super
1191 841 1307 896 plano
1341 844 1525 885 inclinato

205 909 246 950 in
279 919 414 962 genere
448 906 794 960 contemplemur,
830 907 1004 960 primum
1038 907 1221 947 omnitun
1257 907 1526 960 perspiciemus

206 984 364 1014 motum
412 972 673 1022 rotatorium,
726 969 752 1011 si
792 983 911 1025 quem
953 982 1091 1023 corpus
1129 971 1167 1010 in
1203 971 1373 1011 descensu
1415 972 1527 1026 super

204 1039 322 1092 plano
355 1035 541 1087 inclinato
582 1035 748 1088 recipit,
788 1035 836 1075 ab
867 1035 938 1075 alia
976 1034 1080 1074 caufit
1113 1044 1262 1088 praeter
1304 1035 1524 1076 frietionem

205 1101 398 1156 proficisci
432 1112 511 1141 non
547 1097 669 1152 posse.
733 1097 884 1138 Sublata
914 1099 1021 1138 enim
1054 1099 1230 1139 ffie‘tione
1270 1112 1410 1153 corpus
1444 1101 1528 1154 pla--

206 1178 261 1206 no
303 1165 488 1205 inclinato
527 1162 754 1216 impositum
794 1175 816 1201 a
858 1162 938 1203 solo
978 1163 1043 1202 suo
1084 1164 1258 1216 pondere
1290 1163 1337 1203 ad
1368 1175 1524 1204 motum

207 1230 416 1280 incitatur,
447 1228 552 1266 cuius
584 1226 643 1266 vis
675 1226 868 1277 directio,
901 1238 992 1265 cum
1026 1239 1095 1280 per
1127 1236 1303 1266 centrum
1335 1228 1527 1279 grauitatis

209 1292 386 1346 corporis
435 1289 626 1339 transeat,
680 1290 795 1329 alium
847 1299 1006 1330 motum
1053 1289 1120 1330 nisi
1164 1289 1441 1343 progreffiuum
1484 1292 1524 1333 in

206 1368 375 1410 corpore
406 1365 586 1407 generare
619 1365 699 1393 non
733 1353 849 1393 valet.
919 1353 1102 1408 Namque
1136 1353 1162 1394 s1
1196 1366 1281 1393 vim
1316 1355 1525 1407 grauitatis,

209 1434 281 1475 qua
321 1431 463 1472 corpus
504 1419 625 1457 cietur
646 1448 657 1466 ‚
704 1430 816 1458 more
858 1418 1041 1457 consueto
1085 1417 1313 1457 resoluamus
1348 1419 1386 1457 in
1420 1419 1524 1459 binas

209 1484 412 1534 laterales,
446 1494 605 1535 quarum
641 1480 793 1521 alterius
825 1481 985 1521 directio
1019 1481 1063 1521 sit
1097 1481 1216 1534 plano
1251 1481 1436 1520 inclinato
1458 1496 1523 1536 pa-

207 1548 366 1599 rallela,
401 1546 552 1586 alterius
585 1557 684 1585 vero
723 1546 771 1585 ad
813 1544 850 1586 id
883 1545 1100 1597 normalis,
1135 1545 1243 1599 prior
1275 1546 1333 1586 vis
1367 1555 1448 1585 tota
1479 1547 1527 1588 ad

208 1623 350 1666 corpus
382 1610 622 1650 mouendum
654 1609 888 1662 impenditur
907 1642 917 1660 ,
954 1619 991 1649 et
1025 1609 1112 1663 quia
1146 1621 1215 1662 per
1247 1620 1423 1649 centrum
1442 1623 1527 1664 gra-

207 1676 339 1717 vitatis
369 1673 496 1715 transit
529 1673 573 1713 ad
606 1683 762 1713 motum
796 1673 1023 1713 rotatorizim
1058 1673 1320 1726 generandum
1354 1676 1523 1715 omnino

208 1742 281 1782 erit
314 1741 457 1792 inepta.
522 1736 714 1780 Posterior
748 1747 877 1777 autem
912 1738 970 1776 vis
986 1746 1068 1776 tota
1088 1737 1135 1777 ab
1155 1738 1424 1777 immobilitate
1446 1740 1525 1793 pla⁴

210 1805 252 1846 ni
285 1803 531 1853 absorbetur,
574 1813 697 1855 neque
732 1802 851 1842 alium
885 1800 1064 1841 effectum
1112 1801 1318 1854 producit,
1357 1801 1420 1841 nisi
1457 1816 1533 1857 ap=

212 1867 443 1923 preffmnem
475 1867 651 1919 corporis
683 1866 728 1906 ad
764 1866 924 1919 planum
945 1899 955 1917 ,
993 1866 1092 1905 vnde
1126 1865 1270 1918 pariter
1301 1865 1421 1905 nullus
1439 1880 1524 1907 mo-

211 1941 271 1972 tus
311 1930 516 1971 rotatorius
556 1929 728 1969 resultare
772 1929 908 1983 potest.
973 1928 1099 1982 Super
1152 1928 1371 1969 huiusmodi
1415 1931 1527 1984 igitur

211 1995 330 2048 plano
380 2002 461 2032 tam
513 1993 679 2045 perstCte
731 1995 882 2046 polim,
928 2003 972 2032 vt
1008 1994 1118 2033 omni
1159 1992 1336 2032 frictione
1370 2005 1526 2045 careat,

211 2058 328 2097 ctiam
361 2055 494 2108 globus
527 2057 698 2108 perfecte*
735 2058 918 2097 rotundus
954 2057 1030 2097 sine
1065 2057 1146 2096 vllo
1180 2067 1294 2096 motu
1337 2059 1527 2097 rot-atorio

210 2119 436 2162 descendere
469 2119 651 2159 deberet:
688 2122 789 2175 quod
826 2132 903 2162 uon
937 2122 1060 2174 magis
1088 2121 1352 2174 experientiae
1373 2122 1418 2160 ad
1441 2133 1505 2159 ver

1463 2183 1527 2223 (hri
