2044 2735
553 88 633 132 DE
664 85 830 134 solvis
861 85 1242 136 MVLTIFARHS
1460 96 1552 148 169

379 201 522 248 Modus
553 210 709 257 quamn
741 203 794 244 est
814 234 825 254 ,
858 216 949 244 cnm
984 204 1120 245 ambae
1154 205 1417 247 extremitates
1451 220 1556 262 prae-

235 269 346 310 dictis
379 270 500 324 planis
532 279 612 307 non
646 267 805 321 quidem
846 270 929 307 sunt
963 267 1105 308 infixae
1150 269 1210 310 {ed
1244 271 1456 312 innituntur
1489 271 1556 313 sal-

237 344 330 374 tem.

376 395 558 448 Denique
592 393 704 434 Modi
736 395 845 435 mixti
877 395 1010 434 dantur
1043 407 1158 447 quam
1193 391 1374 448 plurimi.

352 460 388 508 §.
410 458 480 499 IV.
517 457 702 498 Laminae
737 457 902 497 elasticae
935 458 1027 498 dum
1060 457 1316 499 oscillationes
1358 461 1434 501 suas
1466 474 1549 513 per-

236 524 371 565 ficiunt
405 524 675 571 incuruantur‚
716 531 812 573 quae
846 529 1045 560 curuatura
1087 530 1175 560 ante
1205 523 1338 562 omnia
1371 524 1551 565 determi-

233 589 356 628 nanda
398 586 480 626 est:
523 595 750 637 quocunque
791 593 919 623 autem
956 585 1080 625 modo
1122 585 1349 639 vibrentur,
1381 590 1551 640 quamuis

231 651 389 691 infinitis
441 648 568 689 modis
618 648 717 687 inter
766 647 1015 688 oscillandum
1059 647 1333 702 inflectantur,
1376 660 1547 692 attamen

233 724 430 755 cnruatura
471 711 677 751 eirundem
720 720 912 764 perpetuo
956 724 1032 751 ma
1072 711 1282 766 eademque
1322 715 1548 769 aequatione

232 778 440 818 definitur:
476 785 653 828 aequatio
688 785 832 827 nempe
869 775 968 814 inter
1002 773 1169 817 absciffas
1199 789 1228 817 x
1261 786 1300 817 et
1335 778 1547 833 applicatas

213 856 250 894 y
284 842 379 882 haec
414 839 466 879 est
499 838 621 922 poCfita
654 837 723 878 dx
758 838 983 879 constante:

354 915 433 966 d⁴y
452 926 507 952 Ξ
525 926 630 965 ἦτε]
648 914 676 954 d
690 920 733 953 x*
776 913 852 954 siue
883 915 1031 955 breuius
1057 913 1099 968 s*
1119 915 1201 966 d⁴y
1220 928 1311 969 :y
1334 914 1361 955 d
1375 922 1418 956 π*

228 978 403 1032 hancque
447 979 715 1030 aequationem
751 978 789 1017 in
841 980 964 1031 prima
1016 975 1278 1019 differt-atione
1330 979 1363 1027 ὖ.
1387 978 1453 1019 IV.
1491 991 1544 1020 ex

227 1042 426 1095 principiis
459 1040 692 1081 mechanicis
725 1041 895 1094 deduxi,
929 1043 1033 1096 quod
1074 1042 1101 1083 si
1134 1052 1263 1083 autem
1297 1043 1459 1083 calculus
1485 1044 1542 1083 lo-

228 1117 277 1146 co
310 1107 428 1146 citato
461 1103 648 1144 institutus
678 1105 947 1157 examinetur,
981 1106 1178 1160 apparebit
1220 1106 1381 1147 eundem
1417 1107 1543 1148 valere

227 1180 302 1222 pro
345 1168 523 1208 omnibus
563 1167 844 1207 oscillationum
889 1169 1026 1209 modis.
1095 1170 1198 1225 Quia
1237 1182 1333 1210 vero
1376 1170 1541 1222 praefata

227 1234 404 1286 aequatio
446 1231 500 1270 est
541 1232 664 1284 quarti
707 1232 853 1272 ordinis
874 1264 884 1282 ,
926 1233 1015 1272 ideo
1049 1243 1211 1286 quatuor
1245 1233 1409 1272 inuoluit
1443 1235 1536 1275 arbi<

227 1296 356 1335 trarias
395 1294 638 1346 constantes,
679 1307 776 1349 quae
819 1308 915 1336 vero
958 1309 1031 1349 pro
1073 1298 1209 1349 quouis
1257 1296 1539 1338 ostillationum

227 1359 417 1412 exemplo
449 1359 500 1399 ita
534 1360 616 1399 lunt
646 1359 854 1412 (eligendae
895 1368 939 1400 vt
969 1360 1219 1414 problematis
1255 1361 1541 1401 conditionibus

229 1422 395 1464 satisfiat.

342 1487 376 1536 ξ,
400 1486 450 1526 V.
488 1485 619 1526 Prouti
654 1496 853 1526 curuatura
887 1485 1113 1527 laminarum
1146 1498 1220 1540 pro
1254 1488 1363 1527 omni
1396 1487 1536 1528 oscilla-

227 1551 379 1591 tionum
414 1562 552 1604 genere
589 1550 897 1591 vniuersaliffime
932 1551 1082 1591 definiri
1116 1551 1242 1603 potest
1263 1582 1273 1601 ,
1308 1551 1359 1590 ita
1395 1561 1435 1591 et
1467 1563 1537 1591 ex-

224 1614 364 1669 pressio
395 1613 667 1668 generaliffima
699 1627 773 1668 pro
807 1614 977 1667 pendulo
1019 1615 1180 1668 simplici
1212 1627 1300 1654 cum
1333 1615 1537 1655 oscillatio-

224 1679 332 1720 nibus
379 1679 545 1719 laminae
594 1677 806 1718 isochronis
850 1678 988 1731 vbique
1029 1679 1165 1718 eadem
1209 1676 1386 1718 inseruit:
1434 1678 1534 1719 hanc

224 1742 503 1796 expressionem
541 1743 574 1790 ξ.
595 1740 710 1782 VIII.
744 1741 946 1795 superioris
997 1740 1266 1782 dissertationis
1300 1741 1534 1793 innenimus,

222 1806 249 1847 si
280 1805 419 1846 scilicet
458 1806 658 1846 desiderata
700 1805 906 1859 longitudo
940 1806 1097 1860 penduli
1133 1807 1276 1846 dicatur
1308 1804 1341 1845 L
1363 1839 1373 1859 ,
1408 1806 1533 1846 osten·

226 1870 353 1909 dimus
393 1870 474 1910 fore
506 1868 655 1923 semper
930 1925 948 1957 j

832 1955 887 1960 ,.
905 1933 924 1960 g
951 1928 964 1944 ⁴

832 1975 887 1981 ‘—
922 1971 964 1993 „0

226 2004 263 2045 in
297 2016 368 2057 qua
399 2004 638 2058 expressione
670 2005 793 2046 littera
818 2021 847 2061 g
880 2007 1039 2046 denotat
1071 2006 1154 2046 vim
1183 2006 1401 2058 grauitatis,
1436 2016 1530 2057 quae

223 2068 389 2124 proinde
423 2068 448 2107 si
480 2068 754 2122 multiplicetur
795 2083 865 2124 per
902 2070 1181 2123 longitudinem
1222 2069 1384 2109 laminae
1416 2066 1433 2106 l
1461 2079 1527 2106 ex-

292 2129 401 2172 Tom.
437 2131 559 2173 XIII.
893 2133 932 2174 Y
1382 2129 1526 2183 primat
