2044 2735
230 141 998 189 METALLISETSEMIMETAL.
1041 137 1386 187 FACTORVM.
1446 149 1536 195 383

344 264 379 312 §—
400 277 442 313 3.
480 262 704 304 Mixtorum
743 262 963 303 densitatem
1008 262 1200 303 methodo
1241 262 1415 303 consueta
1448 273 1541 303 exa-

226 327 372 367 min-aui
405 337 446 367 et
477 340 566 367 cum
607 338 650 366 ea
676 338 791 380 quam
822 326 1001 367 deberent
1032 327 1232 366 secundum
1266 326 1451 367 calculum
1472 324 1539 366 ha-

228 391 318 431 bere
357 392 609 444 comparaui3
659 402 774 445 quam
815 390 1046 431 methodum
1099 390 1163 430 hic
1203 402 1397 444 apponere
1437 388 1539 430 haud

227 453 408 495 absonum
442 455 529 494 erit.

290 518 469 558 Deiisitas
506 517 681 569 corporis
713 514 922 568 definitur,
961 516 1064 569 quod
1094 516 1138 556 sit
1171 517 1354 557 materiae
1387 518 1535 570 quanti-

225 590 278 622 tas
311 582 351 621 in
388 592 555 634 corpore
588 579 816 619 considerata
848 592 937 620 cum
970 580 1154 620 relatione
1184 580 1231 620 ad
1250 579 1436 620 volumen
1453 592 1541 620 cor·

225 645 344 699 poris.
412 643 454 686 Si
486 646 612 697 itaque
645 642 867 683 densitatem
907 645 1080 696 corporis
1112 644 1342 685 denotamus
1372 656 1442 697 per
1470 641 1539 696 D,

225 708 473 762 quantitatem
504 707 684 747 materiae
717 718 787 759 per
821 705 867 746 Μ
888 739 899 758 ,
940 706 1126 747 volumen
1160 709 1335 762 corporis
1365 719 1435 761 per
1469 708 1541 761 V,

225 778 297 819 erit
331 769 502 833 Dzss.
571 777 726 818 Notum
770 776 823 817 est
865 778 1031 831 pondera
1077 792 1097 818 a
1130 779 1352 831 corporibus
1395 780 1434 818 in
1468 789 1535 819 eo-

223 842 316 883 dem
349 842 468 883 fluido
503 839 634 882 amiffa
667 839 744 881 effe
785 842 825 880 in
859 842 1004 882 ratione
1045 842 1325 894 voluminum3
1359 841 1542 883 substitui-

223 915 285 946 tur
335 918 428 959 ergo
462 907 531 961 ipsi
564 907 597 945 V
621 939 632 958 ,
667 906 813 959 pondus
847 906 885 946 in
919 907 1058 946 eodem
1087 906 1205 946 fluido
1233 905 1412 946 amiffum
1434 905 1540 960 quod

224 970 426 1012 denotetur
459 983 530 1024 per
559 977 598 1024 p.
665 968 841 1012 Grauitas
872 971 1048 1023 corporis
1080 968 1253 1024 specifica
1293 969 1346 1010 est
1379 971 1544 1022 grauitas

222 1034 393 1087 corporis
432 1033 660 1075 considerata
711 1046 802 1074 cum
845 1033 1032 1074 relatione
1075 1033 1122 1074 ad
1165 1033 1365 1073 volumen.
1436 1031 1546 1073 Cum

222 1109 320 1137 vero
352 1100 551 1150 grauitates
594 1097 788 1150 specificae
825 1107 864 1137 ct
897 1097 1093 1138 densitates
1125 1109 1336 1150 corporum
1382 1096 1422 1135 in
1454 1108 1539 1137 cor-

220 1161 377 1214 poribus
410 1161 662 1214 homogeneis
704 1161 775 1201 sint
808 1161 846 1200 in
879 1161 1012 1202 eadem
1057 1161 1233 1212 ratione,
1275 1161 1346 1214 ipsi
1381 1159 1429 1200 M
1465 1172 1542 1214 po-

219 1225 288 1265 test
324 1224 488 1265 substitui
522 1225 682 1278 grauitas
714 1225 887 1278 corporis
919 1224 993 1265 siue
1022 1225 1169 1278 pondus
1203 1224 1413 1264 absolutum
1432 1223 1544 1278 quod

221 1288 468 1341 indigitemus
500 1302 569 1343 per
587 1287 627 1328 P.
674 1287 872 1329 Possumus
904 1288 1030 1343 itaque
1063 1287 1161 1328 hanc
1195 1286 1400 1328 formulam
1420 1287 1463 1328 D
1482 1299 1542 1327 :z

223 1349 249 1422 Ξ
285 1359 497 1401 substituere
532 1360 652 1414 priori
683 1359 726 1401 D
745 1394 755 1412 ,
788 1375 840 1401 Ξ
863 1349 900 1413 ῗῑὶ

289 1426 353 1465 Ex
387 1424 608 1464 definitione
640 1424 827 1465 densitatis
857 1434 995 1479 patet,
1032 1426 1058 1466 si
1091 1425 1242 1466 alterius
1275 1426 1445 1466 mixtum
1480 1425 1540 1465 in-

222 1489 425 1542 gredientis
466 1489 649 1542 quantitas
689 1489 873 1529 materiae
914 1488 958 1529 fit
990 1489 1071 1541 M,
1116 1489 1306 1530 volumen
1340 1489 1377 1529 V
1398 1522 1408 1541 ‚
1442 1489 1539 1530 alte-

221 1554 296 1592 rius
331 1553 519 1606 quantitas
561 1554 743 1592 materiae
775 1566 840 1604 m,
874 1552 1060 1593 volumen
1094 1566 1144 1607 v3
1178 1553 1401 1594 densitatem
1435 1553 1540 1594 mix-

223 1624 249 1663 ti
285 1624 420 1665 debere
453 1621 532 1665 effe
564 1612 698 1682 2¹—ssss
766 1622 808 1664 Si
840 1625 967 1677 itaque
999 1623 1148 1665 alterius
1177 1624 1424 1676 ingredientis
1441 1636 1543 1678 pon-

221 1687 286 1727 dus
354 1688 563 1729 absolutum
639 1690 682 1729 sit
733 1687 792 1740 P,
869 1688 1016 1728 alterius
1055 1688 1126 1744 Q,
1193 1688 1372 1737 alterius,
1440 1699 1542 1741 pon-

221 1751 288 1790 dus
323 1752 361 1792 in
380 1752 522 1793 eodem
555 1752 676 1794 fluido
710 1749 886 1793 amissum
913 1759 969 1806 p,
1008 1751 1160 1793 alterius
1193 1763 1248 1806 q,
1282 1751 1439 1792 densitas
1465 1751 1538 1792 erit

220 1811 343 1885 {³1}-

288 1898 391 1939 Haec
435 1912 522 1940 cum
561 1899 612 1940 ita
645 1899 736 1952 sint,
768 1899 1033 1954 inquirendum
1068 1899 1122 1941 est
1156 1899 1196 1940 in
1230 1898 1400 1952 pondera
1433 1896 1539 1937 abso-

223 1959 300 2001 luta
334 1971 417 2003 tum
450 1964 667 2004 mixtorum
709 1977 802 2004 cum
837 1964 1125 2017 ingredientium
1146 1997 1157 2015 ,
1190 1975 1284 2016 quae
1316 1961 1454 2001 debent
1479 1960 1538 1999 di-

224 2024 303 2065 vidi
343 2025 543 2066 secundum
587 2026 652 2066 has
692 2026 874 2068 formulas
915 2040 983 2081 per
1025 2027 1081 2067 sua
1117 2027 1285 2080 pondera
1326 2025 1363 2063 in
1399 2023 1537 2062 codem

225 2087 342 2127 fluido
377 2088 537 2139 amiffa,
571 2090 777 2143 prodibunt
808 2091 1008 2133 densitates
1040 2100 1077 2132 et
1110 2088 1349 2145 experientia
1367 2095 1407 2126 et
1425 2098 1538 2125 com·

221 2160 319 2207 puto
348 2162 537 2208 repertae.
1432 2150 1467 2200 §.
1488 2162 1532 2198 4.
