2044 2735
525 142 611 180 182
837 130 916 172 DE
950 129 1115 173 SONIS
1148 125 1524 173 MVLTIFARHS

525 252 552 292 si
586 261 655 304 per
692 261 726 288 m
760 247 988 301 intelligatur
1021 246 1284 300 qualiscunque
1319 258 1498 286 numerus
1531 246 1654 300 impar
1673 245 1835 288 affirma-

523 314 700 355 matiuus.
767 312 824 352 Vt
857 324 951 352 vero
982 311 1058 351 iam
1095 311 1343 362 intelligamus
1365 343 1374 360 ,
1407 311 1578 363 quisnam
1613 323 1784 351 uumerus
1803 324 1839 351 m

526 377 564 418 in
599 376 732 430 quouis
764 375 844 416 casu
889 374 932 416 sit
971 374 1236 427 accipiendus,
1270 373 1484 413 notabimus
1520 374 1620 426 quod
1653 375 1840 413 crescente

526 452 691 480 numero
732 439 952 489 nodorum,
994 437 1240 478 ol'cillationes
1280 437 1374 476 fiant
1423 437 1573 475 citiores
1599 471 1609 489 ,
1659 438 1841 491 simulque

526 503 624 544 adeo
657 502 862 557 pendulum
896 500 1137 542 isochronum
1173 501 1206 548 ξ.
1243 499 1294 539 V.
1331 500 1626 541 determinatum
1663 500 1728 541 fiat
1757 502 1843 540 bre-

525 574 642 625 vius,
675 574 798 626 sicque
848 573 1035 626 quantitas
1069 557 1098 625 ἦ
1140 573 1353 623 decrescat,
1405 572 1442 612 id
1477 572 1528 611 cst
1549 605 1559 622 ,
1601 555 1840 625 quantit-asf-

528 636 696 678 crescat:
735 648 828 689 ergo
860 648 934 688 quo
966 635 1090 677 maior
1123 636 1175 676 est
1213 647 1388 676 numerus
1420 637 1609 675 nodorum
1644 648 1690 675 co
1717 638 1842 676 maior

528 701 710 740 continue
741 711 915 740 numerus
948 712 984 740 m
1017 700 1257 753 accipiendus
1289 701 1393 750 crit·,
1429 699 1533 739 vnde
1555 699 1712 751 sequitur
1731 699 1757 739 si
1777 700 1842 740 vel

531 764 570 803 in
607 763 724 803 vnico
764 762 844 802 casu
879 770 1089 815 appareat,
1124 763 1295 815 quisnam
1339 774 1514 802 numerus
1547 775 1581 801 m
1616 763 1842 815 respondeat

528 838 696 866 numero
726 826 935 879 cuicunque
967 825 1156 866 nodorum
1178 858 1189 877 ,
1233 826 1334 866 idem
1378 826 1425 864 de
1465 825 1641 864 omnibus
1692 827 1842 879 reliquis

528 889 750 943 patescere:
786 888 1021 942 perspicuum
1055 899 1181 930 autem
1218 889 1298 940 cst,
1335 889 1503 929 minimo
1537 888 1729 928 nodorum
1772 902 1844 929 nu-

530 971 645 1000 mero
686 958 913 1011 respondere
954 957 1126 998 valorem
1171 960 1374 1000 minimum
1413 958 1630 1011 quantitatis
1667 945 1730 1016 };
1765 958 1840 997 iam

531 1034 629 1062 vero
663 1022 702 1062 in
735 1020 845 1061 claffe
879 1022 1004 1074 prima
1038 1022 1315 1063 oscillationum
1347 1022 1435 1061 nodi
1457 1021 1500 1060 ad
1530 1021 1737 1061 minimum
1764 1022 1842 1060 duo

531 1084 643 1136 sunt,
677 1095 831 1137 tumque
864 1084 909 1124 fit
943 1097 1087 1134 4n—1
1130 1085 1190 1126 seu
1224 1095 1359 1131 m:.3
1387 1099 1398 1137 ¹,
1433 1083 1460 1124 si
1503 1084 1626 1136 itaque
1664 1084 1843 1137 generali-

534 1164 592 1195 ter
626 1167 801 1195 numerus
831 1155 1022 1196 nodorum
1054 1155 1196 1196 dicatur
1230 1154 1272 1196 N
1292 1187 1303 1207 ,
1338 1155 1409 1195 erit
1441 1152 1664 1206 respondens
1683 1140 1841 1211 valor}

529 1230 588 1260 ε
607 1216 762 1273 (2N-
778 1216 873 1273 1)q·

651 1280 824 1325 Notetur
856 1289 985 1322 autem
1018 1281 1131 1322 hosce
1165 1279 1351 1336 praefinos
1382 1279 1530 1320 valores
1562 1281 1719 1320 rationis
1751 1279 1768 1321 I
1797 1279 1844 1320 ad

519 1344 562 1404 s
602 1357 681 1386 non
730 1345 892 1385 omnino
942 1346 1102 1386 exactos
1142 1343 1218 1386 effe
1257 1344 1441 1398 quidem,
1487 1342 1548 1383 sed
1582 1354 1713 1384 tamen
1748 1355 1844 1384 vero

534 1410 738 1463 proximos
771 1409 856 1448 imo
886 1408 1142 1448 insensibiliter
1175 1421 1196 1447 a
1228 1408 1326 1447 veris
1366 1407 1534 1446 aberrare
1554 1439 1564 1458 ,
1607 1409 1728 1447 modo
1772 1418 1847 1447 tres

534 1471 608 1513 sint
640 1471 762 1521 nodi,
796 1479 835 1510 et
867 1483 956 1510 cum
992 1483 1182 1524 nunquam
1218 1471 1412 1524 pauciores
1453 1470 1601 1509 duobus
1634 1471 1703 1512 siut
1738 1470 1844 1521 nodi,

534 1533 626 1575 ideo
668 1544 769 1573 nune
817 1534 1118 1574 examinabimus
1159 1534 1444 1574 correctionem
1484 1532 1737 1574 adhibendam
1769 1545 1847 1586 pro

536 1596 680 1638 duobus
711 1595 836 1637 nodis.

657 1664 758 1709 Cum
779 1668 901 1721 itaque
933 1670 1012 1711 duo
1041 1668 1121 1709 sunt
1155 1669 1267 1721 nodi,
1295 1667 1465 1708 diximus
1501 1665 1575 1708 esse
1599 1668 1782 1721 proxime
1814 1653 1846 1725 3¹-

540 1766 596 1775 .-
539 1742 706 1785 ···‘·:3q
700 1763 711 1784 ,
746 1743 881 1815 verum
915 1742 1038 1774 autem
1072 1732 1245 1772 vilorem
1278 1733 1447 1784 exprimi
1488 1731 1712 1784 nequitione

537 1802 618 1846 Sm
653 1803 744 1842 Arc·
766 1800 812 1856 (
806 1789 934 1861 ¹524-
957 1803 1102 1859 (1)-
1135 1802 1318 1844 —Cosin
1343 1803 1434 1843 Arc.
1459 1801 1472 1856 (
1505 1789 1707 1859 ,spa-q)
1744 1849 1751 1856 ⁰

539 1862 636 1909 ’ἶ
809 1864 995 1910 21-
1047 1868 1102 1875 -
1133 1845 1845 1910 -Τ-ψ-ς-ῇψο-

541 1911 853 1963 e21-i-e2s
1209 1910 1543 1958 (εί-ευ·

542 2001 676 2030 namus
708 1989 782 2030 iam
812 1975 918 2047 {z
939 1997 1076 2045 3174-
1095 2003 1156 2030 αα
1199 2000 1239 2031 et
1280 1991 1556 2033 consideremus
1596 1989 1846 2044 quantitatem

546 2065 574 2095 α
603 2061 646 2094 vt
679 2052 790 2094 valde
821 2066 1012 2109 paruam3
1045 2054 1108 2098 Sic
1140 2054 1214 2095 crit

1765 2112 1847 2158 Sin.
