2044 2735
574 121 1109 171 METEOROLOGIC'AE
1401 139 1423 177 3
1433 141 1483 180 4¹

566 255 637 292 13.
684 246 907 297 perdurante
949 245 1068 286 adhuc
1119 244 1251 284 eadem
1292 244 1491 286 serenitate

633 309 707 347 vila
760 309 826 349 fuit
860 308 925 348 lux
958 307 1083 349 Borea
1102 307 1288 359 debilior,
1323 321 1392 350 nec
1413 321 1491 349 non

567 382 634 420 14.
673 371 770 422 alia,
806 373 842 410 in
878 372 1013 412 iisdem
1046 371 1343 411 circumstantiis.

335 427 653 486 Septembrsssxx.
690 435 728 473 iu
762 434 958 474 serenitate
997 434 1162 486 perfesta
1204 434 1380 486 apparuit
1421 434 1492 475 lux

619 495 766 547 Borea,
796 498 912 537 mico
945 507 1094 536 tantum
1131 497 1237 535 radio
1270 496 1488 549 conspicua,

623 572 737 614 quam
786 559 1044 613 insequebatur
1087 557 1300 599 fortiffimus
1339 559 1491 613 zephy-

623 636 683 663 rus
714 622 922 673 variabilis,
952 633 990 662 et
1023 621 1161 675 pluuia.

553 698 624 735 ¹4·
666 686 765 726 inter
807 686 921 726 nubes
962 685 1036 725 vila
1079 685 1160 726 sunt
1200 685 1354 738 vestigia
1396 687 1488 728 lucis

614 749 814 800 Borealis,
857 761 971 802 quam
1020 748 1150 801 pluuia
1197 747 1355 788 insecuta
1405 751 1484 791 fuit.

608 811 756 853 Eadem
791 812 886 853 hora
917 811 1084 852 Londini
1118 811 1329 864 grauissima
1362 813 1486 854 fiicuiit

610 875 838 927 tempestas,
872 875 1131 916 nunciantibus
1165 874 1291 916 Nouis
1330 876 1488 927 publicis

604 937 1026 979 Amstelodamenfibus.

564 1012 634 1050 ¹5.
667 1014 757 1041 cum
793 1002 939 1054 plueret
971 1003 1045 1042 fere
1079 1009 1166 1042 toto
1184 1001 1244 1042 die
1264 1033 1274 1053 ‚
1308 1001 1385 1042 visa
1404 1004 1486 1043 sunt

620 1065 721 1104 circa
762 1064 897 1105 horam
936 1078 961 1114 9
1002 1065 1256 1116 wemmam,
1295 1064 1336 1103 in
1377 1067 1488 1106 coelo

623 1129 713 1168 atris
745 1128 901 1168 nubibus
933 1127 1050 1167 diuiso
1071 1160 1081 1179 ,
1113 1127 1256 1180 fulgura
1271 1126 1490 1181 frequentis:-

621 1190 716 1231 fima
735 1221 749 1242 .,
782 1191 857 1231 sine
889 1192 1062 1242 tonitr-113
1096 1200 1134 1230 et
1166 1191 1260 1230 hora
1302 1203 1357 1229 10
1400 1192 1488 1232 ade-

617 1263 703 1293 rant
736 1254 871 1294 indicia
905 1253 1127 1307 apertissima
1159 1253 1247 1292 lucis
1287 1251 1456 1295 Borealis
1476 1287 1488 1306 ,

625 1328 675 1356 ex
707 1317 847 1370 aliquot
881 1316 1151 1356 ascendentibus
1183 1317 1296 1369 virgis
1315 1347 1325 1367 ,
1359 1318 1398 1357 in
1424 1320 1490 1358 ae*-

620 1391 661 1420 re
699 1380 883 1419 serenitati
915 1379 1100 1420 restituto.

328 1440 512 1483 Oitobris
547 1452 617 1490 13.
653 1444 692 1482 in
727 1443 922 1486 serenitate
953 1443 1028 1482 fere
1049 1443 1191 1494 integra
1211 1474 1221 1493 ,
1255 1442 1332 1483 visa
1349 1443 1489 1485 estlux

625 1503 749 1545 Borea
790 1518 932 1559 parua,
971 1518 1062 1546 cum
1105 1505 1230 1559 pluuia
1273 1506 1487 1560 insequente

621 1579 660 1609 et
688 1569 948 1621 praecedente.
1493 1596 1496 1599 -

328 1630 564 1673 Nouembris
599 1643 640 1681 ς.
678 1632 717 1671 in
752 1632 942 1672 serenitate
976 1630 1137 1685 perfee'ta
1157 1663 1167 1681 ,
1203 1630 1262 1671 sed
1295 1631 1398 1672 breui
1419 1632 1497 1675 dus

620 1703 757 1745 rante,
803 1693 881 1734 visa
921 1694 974 1734 est
1017 1695 1082 1734 lux
1126 1692 1280 1744 Borea,
1315 1695 1487 1734 constans

620 1771 708 1799 arcu
740 1757 866 1798 lucido
896 1757 1101 1810 tranquillo
1123 1790 1133 1808 ,
1176 1770 1288 1811 quum
1329 1757 1484 1798 coelum

617 1822 789 1862 nubilum
823 1820 1027 1861 insecutum
1058 1820 1126 1860 est.

592 1894 634 1934 7.
673 1885 753 1924 vidi
788 1884 882 1925 hora
917 1898 956 1933 4.
995 1884 1178 1924 matutina
1208 1883 1366 1937 vestigia
1396 1884 1487 1925 lucis

619 1946 768 1988 Boreae
788 1980 799 1999 ,
831 1949 867 1986 in
902 1948 1023 1988 multa
1064 1946 1271 1986 serenitate.

299 2009 332 2057 ξ.
372 2022 414 2060 4.
449 2008 574 2049 Prima
605 2011 820 2062 congelatio
860 2010 953 2050 fasta
996 2010 1049 2049 est
1091 2010 1164 2049 hoc
1205 2022 1304 2048 anno
1343 2009 1381 2048 d.
1424 2019 1476 2054 :3

181 2068 446 2127 Septemb1·i5‚
487 2085 563 2126 quo
604 2074 663 2114 die
702 2072 813 2113 simul
850 2086 975 2126 aqua,
1016 2073 1135 2112 libero
1170 2073 1248 2112 ae'ri
1281 2072 1452 2124 exposita
1474 2103 1484 2120 ,

768 2135 809 2190 V
830 2147 854 2174 v
873 2145 897 2180 3
1367 2133 1484 2173 crusta
