2044 2735
549 67 635 122 '408
787 64 873 110 DE
906 65 1232 109 ALCIBIADE
1271 64 1651 113 CERTAMINIS

659 179 874 238 'Postquam
915 194 1037 224 autem
1084 185 1201 239 longo
1242 195 1465 240 attentoque
1508 185 1719 238 omnium,
1770 196 1863 239 quae

550 250 590 288 in
623 249 741 288 caussa
777 248 1013 301 obueniunt,
1047 249 1231 289 examine
1264 244 1431 291 omniuo
1464 250 1660 302 cognoui,
1693 248 1790 290 nihil
1808 262 1865 290 es-

552 311 586 351 se
620 311 723 365 quod
757 323 826 350 uos
860 324 998 364 cogere
1042 312 1176 352 debeat
1218 312 1263 352 ad
1305 306 1551 354 Alcibiadem
1593 325 1614 352 a
1656 313 1864 353 victoribus

547 375 757 416 celebrium
792 375 890 428 apud
926 376 1044 416 Eleos
1076 376 1336 417 certaminum
1370 376 1637 429 segregandum
1657 407 1670 428 ‚
1712 386 1776 417 aut
1816 376 1862 416 ad

548 437 736 492 suschtos
769 437 962 479 habendos
1004 440 1109 480 testes
1159 439 1256 479 illius
1306 440 1518 480 victoriae:
1560 451 1700 494 operae
1750 440 1860 493 preti-

547 513 615 542 um
654 515 720 542 me
753 501 938 542 fafflurum
973 503 1140 556 speraui,
1182 502 1208 543 si
1249 504 1297 542 de
1340 503 1416 543 hoc
1460 512 1685 556 argumento
1725 503 1863 556 aliquid

547 575 861 615 commentaier,
895 578 1029 619 easque
1061 566 1298 606 obicstioiics
1329 579 1577 607 remouerem
1596 599 1606 619 ,
1648 578 1744 622 quae
1793 578 1862 607 me

546 629 670 682 ipsum
714 642 793 669 non
836 629 977 681 exiguo
1026 639 1214 683 temporis
1260 630 1379 684 spatio
1428 640 1646 671 remoratae
1697 628 1859 670 fixerunt.

547 691 594 733 Id
627 693 720 734 dum
754 691 938 746 praestare
969 705 1120 743 conor,
1153 706 1233 732 non
1267 706 1379 745 raro,
1411 706 1452 734 re
1484 696 1537 734 ita
1566 695 1750 747 exigente
1769 705 1857 747 ‚co-

547 768 614 809 gar
647 756 809 796 indicare
853 754 921 796 suis
961 756 1180 796 nominibus
1220 756 1391 810 aliquos,
1434 770 1455 797 a
1495 757 1629 811 quibus
1668 758 1858 798 dissentio.

546 821 798 876 Quamquam
832 829 961 858 autem
994 820 1144 860 calamo
1179 821 1227 860 ita
1263 830 1542 873 temperaturus
1574 821 1655 860 sum
1677 853 1687 872 ,
1722 830 1768 861 vt
1802 821 1861 860 ni-

545 883 628 935 hil,
663 882 731 924 nisi
765 882 1039 923 modestissime
1073 893 1111 923 et
1145 883 1388 936 placidissiuie
1422 884 1572 924 dictum
1606 883 1763 925 effluat:
1797 895 1861 924 ro-

547 959 600 1000 go
635 956 764 986 tameu
799 959 840 986 ac
874 946 1039 986 obtestor
1072 946 1259 986 lcfiorem
1281 948 1538 998 beueuolum,
1575 947 1668 987 velit
1702 947 1862 988 itaom-

549 1012 611 1051 nia
645 1011 684 1049 in
718 1010 915 1062 optimam
949 1019 1098 1063 partem
1135 1011 1305 1062 accipere
1328 1042 1338 1059 ,
1375 1020 1419 1050 vt
1451 1011 1498 1050 de
1539 1022 1607 1049 me
1649 1010 1859 1063 persuasisti·

547 1087 663 1114 mum
697 1072 863 1125 habeat,
898 1085 975 1112 nou
1008 1086 1097 1112 cum
1134 1074 1285 1114 cruditis
1318 1073 1408 1113 viris
1442 1074 1710 1114 sententiarum
1731 1075 1857 1115 auc‘to-

545 1138 674 1189 ribus,
707 1137 768 1176 sed
800 1149 889 1177 cum
922 1136 1112 1176 sententiis
1145 1136 1230 1189 ipsis
1262 1147 1457 1177 certamen
1500 1137 1654 1193 suscipi:
1699 1138 1863 1178 nullam-

548 1213 624 1254 que
654 1213 718 1241 me
751 1200 925 1254 palmam
958 1210 1124 1254 optare,
1169 1201 1237 1240 uisi
1280 1213 1394 1255 quam
1437 1201 1516 1255 ipsa
1558 1201 1695 1241 veritas
1746 1213 1862 1242 manu

542 1265 601 1306 lua
633 1264 817 1319 porrigat.

663 1342 738 1385 Sed
772 1344 818 1385 ad
851 1356 935 1384 rem
970 1342 1220 1383 accedendum
1259 1343 1321 1382 cst.
1393 1344 1522 1399 Quum
1557 1355 1658 1383 auno
1693 1341 1777 1383 belli
1797 1342 1861 1384 Ρο-

547 1408 807 1462 lopounesiaci
841 1406 1099 1448 XVII.Siculi
1133 1406 1304 1458 Egestaei
1346 1408 1532 1448 auxilium
1574 1407 1860 1448 Atheniensium

549 1471 720 1512 aduersus
762 1471 951 1512 finitimos
990 1469 1225 1511 Selinuntios
1277 1471 1569 1524 imploraisent;
1621 1470 1860 1523 diuerfiicque

547 1536 664 1576 essent
695 1536 931 1577 sententiae:
966 1534 1108 1574 iuuenis
1141 1533 1358 1574 Alcibiades
1377 1567 1387 1585 ‚
1421 1536 1485 1587 qui
1517 1535 1562 1575 ad
1596 1532 1860 1587 capessendam

547 1599 824 1652 rempublicam
861 1611 982 1651 nuper
1017 1598 1186 1651 primum
1220 1597 1448 1648 accesserat,
1482 1598 1644 1637 omnino
1661 1596 1857 1649 cupiebat,

547 1672 591 1702 η
624 1663 817 1715 Egestaeis
849 1662 1038 1715 suppetiae
1072 1660 1267 1700 ferrentur.
1331 1659 1405 1700 Sed
1439 1660 1572 1700 Nicias
1602 1659 1668 1712 ipsi
1702 1661 1753 1698 ita
1794 1659 1856 1699 ad-

546 1727 782 1775 uersabatui·,
821 1734 865 1763 vt
909 1726 947 1763 iu
990 1724 1181 1762 concione
1225 1723 1344 1762 multa
1386 1723 1532 1762 liberius
1572 1723 1611 1761 iu
1652 1722 1860 1762 Alcibiadis

547 1790 814 1838 iuuentutem,
858 1788 970 1840 inque
1013 1786 1244 1826 immodicos
1283 1787 1448 1837 sumtus,
1490 1798 1586 1839 quos
1625 1786 1662 1824 iu
1704 1786 1859 1826 alendos

548 1865 669 1906 equos
710 1851 896 1901 faciebat,
939 1849 1107 1889 instaret.
1189 1849 1291 1890 Huic
1333 1849 1564 1901 respondeus
1612 1848 1857 1902 Alcibiades,

548 1916 643 1957 haec
685 1916 732 1956 de
765 1915 798 1954 se
841 1912 1209 1955 commemorabat:
1252 1908 1306 1956 ὧν
1340 1909 1445 1967 wige
1484 1907 1721 1966 ἐπιβέητὲς
1752 1907 1858 1967 ε-ἷμι,

549 1979 640 2031 τοῖς
676 1975 756 2036 μὲν
787 1973 1023 2035 ’ωξογὸγοις
1057 1990 1140 2032 μου
1173 1971 1240 2018 καί
1283 1973 1379 2032 ἶμσι“
1401 1971 1524 2028 δόξαν
1557 1972 1667 2032 Φέξῆ
1702 1975 1858 2027 τᾶυτα,

1801 2070 1857 2105 ‘fri
