2044 2735
782 117 1019 182 &3034
1451 135 1552 179 349

227 235 714 298 TENTAMEN
765 235 1261 299 EXPLICANDI
1322 237 1552 301 DILA-

304 326 617 369 TATIONEM
672 327 749 370 ET
785 325 1313 434 Ρ(ἔιέἱῖἶέξέἶΑΕΤΙΟΝΕΜ
1365 329 1455 372 PV-

838 501 944 531 Αυᾶοι·

676 576 789 633 Iqfias
821 577 886 619 W
881 576 1078 621 eitbrecht.

866 717 906 746 1.

221 804 502 904 Indubitatum
536 807 591 849 est
624 807 927 864 phaenomenon
949 843 960 862 ,
1003 810 1104 864 quod
1146 810 1294 866 pupilla
1324 811 1429 854 oculi
1464 825 1545 855 non

293 875 463 915 eiusdem
505 873 653 927 semper
693 875 872 915 diametri
912 874 1083 916 videatur
1103 908 1113 927 ,
1149 876 1209 916 sed
1245 877 1394 917 maiore
1430 877 1547 919 lurni-

224 942 283 980 nis
315 939 483 979 claritate
513 937 691 978 illabente
725 939 879 989 minor,
914 940 1065 979 minore
1097 949 1227 980 autem
1264 940 1391 981 maior
1424 954 1548 995 appa·

222 1014 316 1045 reat.
385 1002 525 1056 Neque
556 1014 654 1042 vero
687 1002 762 1043 hoc
804 1003 1030 1056 simpliciter
1071 1005 1122 1044 ita
1157 1016 1341 1057 apparere
1363 1038 1374 1057 ,
1410 1005 1470 1045 sed
1503 1019 1546 1048 re

224 1080 316 1108 vera
349 1066 466 1106 talem
502 1066 670 1119 pupillae
690 1099 701 1117 ,
744 1066 1011 1107 dilatationem
1045 1077 1083 1107 et
1109 1067 1424 1109 constrictionem
1455 1069 1545 1111 ae‘tu

225 1131 310 1172 fieri
350 1130 584 1170 vnanimiter
617 1129 834 1183 physiologi
869 1130 1062 1183 statuunt3
1114 1143 1228 1184 quem
1262 1142 1415 1173 motum
1448 1134 1545 1174 reci·

227 1206 389 1249 procum
433 1205 511 1247 ope
556 1193 734 1234 fibrarum
779 1194 1045 1234 muscularium
1088 1196 1230 1247 partim
1273 1196 1543 1239 orbicularium

227 1258 371 1314 partim
423 1257 756 1311 longitudinnlium
808 1259 902 1298 radii
957 1259 995 1297 in
1032 1258 1192 1299 modum
1246 1260 1506 1313 protenfiirum
1529 1291 1544 1314 ‚

226 1335 317 1376 quas
350 1321 389 1360 in
423 1333 521 1361 vuea
556 1322 602 1362 ab
634 1322 878 1362 Anatomicis
911 1319 1092 1362 collocari
1110 1320 1327 1377 supponunt
1347 1356 1359 1376 ,
1389 1324 1549 1366 effectui

226 1387 305 1426 dari
340 1384 579 1424 arbitrantur.

346 1449 378 1496 §.
422 1459 460 1485 2.
495 1448 689 1501 Equidem
733 1459 810 1487 non
847 1450 1062 1502 negauerim
1084 1482 1095 1502 ‚
1127 1450 1166 1490 in
1192 1450 1351 1504 planitie
1386 1453 1492 1493 iridis
1523 1465 1545 1494 a

225 1514 351 1555 limbo
383 1512 553 1565 pupillae
590 1525 706 1566 Vsque
746 1512 792 1552 ad
823 1512 937 1552 illum
969 1513 1097 1554 locum
1117 1548 1127 1565 ,
1162 1515 1209 1555 ad
1242 1527 1359 1569 quem
1395 1516 1547 1570 proces·-

224 1578 281 1619 sus
321 1579 372 1618 ita
414 1575 508 1616 dieti
548 1576 695 1617 ciliares
734 1577 1020 1628 terminantur,
1054 1578 1234 1630 plurimas
1267 1578 1378 1621 fibras
1412 1580 1541 1621 candi-

224 1651 352 1684 cantes
384 1648 424 1679 et
456 1640 689 1681 coruscantes
727 1640 903 1680 radiatim
937 1641 1127 1695 dispositas
1165 1642 1393 1696 decurrere,
1426 1645 1546 1684 item-

221 1719 297 1761 que
338 1703 458 1745 alium
503 1704 687 1744 circulum
730 1702 910 1745 fibrosum
950 1703 1102 1757 adeffe,
1148 1718 1226 1759 quo
1257 1707 1333 1760 ipse
1375 1708 1543 1762 pupillae

222 1770 359 1811 limbus
391 1768 722 1808 circumscribitur.
773 1767 851 1808 Has
884 1768 996 1809 fibras
1028 1780 1156 1809 autem
1191 1783 1342 1811 carneas
1373 1780 1411 1811 et
1445 1774 1544 1813 mus2

223 1834 363 1874 culofits
428 1829 504 1872 effe
544 1845 564 1873 a
597 1833 750 1873 nemine
786 1832 1110 1873 Anatomicorum
1154 1833 1334 1875 haetenus
1366 1848 1439 1889 per
1472 1848 1542 1876 ex-

225 1896 449 1950 perientiam
483 1896 528 1937 ad
562 1897 713 1937 oculum
745 1896 1049 1937 demonstratum
1083 1897 1169 1949 est3
1206 1898 1353 1939 etiamsi
1387 1899 1539 1953 scripto-

226 1972 311 1999 rum
355 1958 470 2010 aliqui
508 1960 593 1999 illas
631 1960 721 2000 tales
762 1960 837 2000 effe
882 1960 945 2000 vel
986 1961 1262 2014 probabiliter.
1309 1973 1539 2015 argumento

225 2023 271 2063 ab
310 2022 482 2074 analogia
525 2022 729 2075 desumto,
768 2024 980 2064 dubitanter
1021 2036 1149 2065 tamen
1185 2024 1445 2077 nffumserint,
1478 2025 1544 2066 vel

226 2097 266 2128 et
297 2086 427 2141 absque
469 2085 548 2127 vlla
588 2087 823 2129 restrie'tione
864 2088 1042 2129 audac-*ter
1084 2089 1308 2130 statuerint:
1343 2089 1433 2143 quin
1465 2101 1540 2143 po-

854 2152 1004 2201 an
1473 2152 1549 2194 tius
