2044 2735
539 92 627 129 400
1005 70 1145 132 &334
1176 69 1213 111 ᾧ
1249 69 1387 132 ὑ335ἐ<<

1154 190 1234 232 DE

546 260 936 323 LAPATHO
1009 259 1457 322 ORIENTALI
1498 304 1516 330 ,
1589 260 1804 323 FRVT
1808 263 1851 321 1-

695 348 768 393 CE
800 348 1004 391 HVMILI
1039 348 1522 447 FIROZECgXLCHRO
1554 348 1700 392 INST.

1134 508 1253 537 Auctore

1007 584 1146 626 Ioanne
1188 585 1384 627 Ammano.

339 789 410 822 rab.
444 721 617 825 X111‚ln
658 774 813 816 tmcfiatu
854 776 902 816 de
945 775 1109 830 stirpibus
1149 774 1347 816 rarioribus
1385 775 1423 815 in
1454 773 1626 828 Imperio
1672 773 1856 816 Rutheno

546 840 675 892 sponte
725 840 1026 892 prouenientibus
1076 841 1314 879 mentionem
1355 837 1424 878 feci
1465 837 1680 893 Lapathum
1717 840 1855 879 Orz'en-

543 902 650 954 tale,
692 902 863 942 fruticem
908 902 1097 942 humilem
1141 902 1236 942 flore
1269 901 1429 955 pulchro
1465 913 1502 942 et
1533 902 1762 954 Atriplieem
1794 902 1856 942 O-

546 966 775 1016 rientalem,
813 967 984 1006 fruticem
1027 965 1235 1005 aculeatum
1285 965 1377 1005 flore
1416 965 1574 1017 pulchro
1612 965 1700 1004 lnst.
1743 979 1774 1004 r.
1812 965 1852 1005 h.

547 1025 697 1068 Coroll.
730 1041 816 1082 pag.
857 1035 930 1079 38.
983 1042 1004 1069 a
1039 1028 1071 1068 Ι.
1106 1029 1146 1068 P.
1190 1028 1460 1068 Tournefortio
1509 1027 1702 1068 recensitas
1746 1038 1855 1080 atque

548 1092 595 1132 ab
627 1091 764 1132 eodem
799 1093 969 1132 Austore
1003 1092 1039 1130 in
1074 1092 1230 1132 Oriente
1263 1092 1430 1145 primum
1461 1091 1627 1132 deteehs
1657 1091 1857 1144 singulares

549 1164 589 1195 et
624 1155 733 1194 valde
769 1154 939 1208 pulchras
972 1155 1060 1194 duas
1093 1155 1198 1195 hasce
1232 1155 1373 1208 plantas
1404 1156 1440 1194 in
1475 1154 1715 1208 Kirgisiorum
1747 1164 1856 1206 atque

548 1217 789 1258 Baskirorum
821 1218 1049 1258 'saltatorum
1081 1219 1324 1272 regionibus,
1370 1231 1434 1258 nec
1467 1230 1542 1258 non
1583 1219 1627 1257 in
1655 1217 1766 1257 variis
1799 1216 1855 1257 Si-

549 1283 663 1322 bitiae
695 1281 786 1321 locis
828 1282 1035 1334 prouenire.

664 1345 950 1385 Tournchrtius
979 1344 1114 1384 harum
1152 1343 1361 1396 plantarum
1403 1346 1556 1385 nomina
1590 1354 1758 1395 tantum,
1793 1343 1858 1383 de·

547 1407 763 1460 scriptiones
795 1418 922 1449 antem
955 1417 991 1447 et
1024 1408 1151 1447 icones
1181 1407 1292 1447 nullas
1325 1421 1411 1448 cum
1453 1409 1606 1461 publico
1642 1407 1859 1448 communi-

549 1480 660 1517 cault.

664 1543 747 1584 Post
780 1544 1088 1584 Tonrnefortinm
1123 1540 1350 1582 Christianus
1380 1542 1635 1583 anbanmius
1666 1554 1734 1595 per
1765 1541 1859 1582 Rus-

549 1607 620 1647 sine
652 1617 689 1646 et
724 1606 862 1647 Persiae
895 1608 939 1647 ad
973 1605 1149 1658 Caspium
1186 1619 1287 1646 marc
1320 1606 1399 1646 sitas
1433 1607 1644 1659 prouincias
1675 1602 1859 1643 Conssan-

549 1670 757 1722 tinopolim
792 1681 915 1721 petens
935 1702 944 1719 ‚
979 1671 1015 1707 in
1050 1668 1179 1708 Media
1212 1681 1361 1720 quoqne
1397 1681 1519 1720 prope
1549 1668 1681 1706 ubcm
1715 1665 1857 1717 Iensthi

549 1732 607 1772 seu
643 1727 804 1784 ngfi‘m
845 1732 934 1771 locis
975 1730 1146 1782 glareosis
1187 1733 1282 1769 eirca
1323 1731 1456 1770 fluuios
1498 1741 1536 1769 et
1569 1731 1704 1769 rinnlos
1735 1731 1859 1783 poste·

549 1796 704 1845 riorem,
724 1794 946 1846 Ati-iplicem
981 1805 1120 1844 nempe
1140 1825 1150 1842 ,
1182 1793 1411 1843 obseruauit,
1445 1793 1726 1844 descriptionem
1763 1805 1859 1833 vero

549 1868 586 1897 et
620 1860 766 1897 iconem
802 1857 972 1897 exhibuit
1007 1856 1043 1894 in
1080 1854 1233 1895 Ccntnr.
1264 1855 1404 1896 iiiarnni
1445 1858 1497 1895 1⁰.
1536 1869 1619 1908 pag.
1664 1870 1729 1905 19.
1757 1857 1855 1896 Tab.

550 1923 692 1961 XXX.
763 1920 898 1960 Melius
928 1920 1063 1959 deinde
1095 1920 1253 1958 eandem
1298 1919 1460 1971 plantam
1495 1920 1690 1958 delineanit
1722 1930 1760 1958 et
1793 1920 1855 1958 de-

551 1984 687 2036 scripsit
720 1984 753 2024 I.
791 1984 947 2024 Iacobus
976 1981 1162 2023 Dillenins
1194 1983 1233 2022 in
1267 1983 1392 2023 Hosto
1424 1981 1658 2023 Elthamensi
1675 1995 1761 2036 pag.
1782 1992 1857 2032 47.

552 2047 647 2087 Tnb.
680 2047 770 2088 XL.
806 2046 868 2098 fig.
907 2055 979 2096 47.

1690 2108 1821 2148 Prioris
1842 2139 1853 2159 ,
