2044 2735
507 66 819 116 CORPORVM
858 59 1246 108 FLEXIBILIVM
1456 69 1476 98 1
1486 67 1507 109 5
1521 69 1543 99 1

221 192 305 234 sunt
335 189 515 231 distantiis
547 188 595 228 ab
628 200 702 228 axe
739 186 808 226 isto
844 185 1070 239 imaginario
1103 195 1174 236 per
1206 180 1244 220 V
1288 179 1409 220 duc'to
1452 191 1545 232 pro-

220 254 477 311 portionalia:
514 253 690 304 Ilincque
724 250 782 289 vis
817 251 862 290 ad
905 262 1046 302 corpus
1089 245 1328 285 mouendtun
1373 243 1548 297 requisita

218 333 274 360 ex
310 318 507 372 principiis
541 327 624 355 ante
659 316 751 354 datis
793 313 1035 353 determinari
1077 310 1233 363 poterit.

347 383 381 430 ξ.
422 391 496 430 35.
531 377 589 419 Sit
624 379 733 430 igitur
766 377 940 430 corporis
975 372 1157 414 ACBD
1193 372 1340 425 pondus
1358 370 1543 423 simulque

222 443 342 488 missa
378 443 479 483 :P
499 475 509 493 ,
543 452 654 495 atque
691 452 758 493 per
793 440 868 479 cius
901 448 1075 478 centrum
1110 437 1299 489 grauitatis
1333 435 1372 477 G
1415 437 1539 478 traiici

224 510 465 561 concipiatur
498 505 580 544 axis
617 502 868 543 horizontalis
901 501 947 541 ad
983 501 1138 554 planum
1174 499 1327 539 chartae
1359 501 1542 542 normalis

223 575 289 626 qni
327 569 486 624 proinde
520 580 605 608 cum
638 567 702 605 axi
736 566 775 606 Ο
815 575 896 605 tum
940 565 1005 604 axi
1046 565 1274 617 imaginario
1318 565 1357 603 in
1397 564 1433 603 V
1474 566 1547 605 erit

222 634 457 690 parallc11153
493 631 598 670 huius
630 628 802 683 respectu
823 630 905 668 axis
935 637 1134 682 quaeratur
1167 637 1417 669 momentum
1445 629 1548 669 iner-

224 700 299 739 tiae
333 695 507 749 corporis
525 693 629 747 quod
656 693 700 733 sit
733 691 894 733 ΖΡΗ)
914 725 924 743 ,
959 702 1073 746 atque
1107 692 1147 731 in
1179 691 1283 730 rce‘ta
1301 690 1435 734 VAG
1454 705 1546 746 pto-

221 769 337 810 dueta
370 767 538 820 capiatur
570 751 803 820 ΟΞ-ΞῙᾷ-’ζ
876 765 981 804 Tum
1016 765 1055 804 in
1090 762 1116 804 S
1152 763 1379 804 normaliter
1420 766 1547 820 appli-

220 849 304 879 cata
336 838 577 890 concipiatur
615 838 676 877 vis
709 826 875 899 :pff—g
907 837 1109 880 secundum
1151 837 1406 879 directionem
1447 838 1513 881 Ss
1533 873 1548 893 ,

220 904 299 942 erit
331 900 425 942 haec
460 900 520 939 illa
553 901 631 954 ipla
663 901 721 941 vis
754 902 801 942 ad
848 911 1002 942 motum
1044 901 1285 955 propositum
1328 902 1548 955 producen-

220 966 316 1007 dum
351 963 556 1019 requisita3
592 977 686 1018 quae
721 978 815 1019 ergo
847 966 1084 1020 aequiualens
1119 964 1194 1005 esse
1230 965 1344 1005 debet
1378 967 1419 1006 vi
1461 979 1548 1020 gra-

226 1031 386 1081 vitatis,
422 1041 494 1081 qua
514 1040 653 1082 corpus
672 1030 758 1069 aftu
791 1029 1028 1069 sollicitatur.
1095 1029 1154 1070 At
1187 1029 1349 1069 directio
1382 1032 1441 1072 vis
1458 1044 1545 1085 gra·

225 1094 357 1133 vitatis
392 1092 443 1131 est
477 1091 580 1131 recta
614 1093 800 1133 verticalis
834 1091 871 1134 G
892 1093 920 1132 P
953 1106 1022 1146 per
1055 1094 1229 1146 corporis
1262 1102 1437 1136 centrum
1462 1108 1549 1148 gra-

223 1157 354 1196 vitatis
387 1154 426 1196 G
461 1155 572 1194 ducta
593 1187 603 1206 ,
638 1157 789 1210 eiusque
824 1157 1010 1210 quantitas
1053 1166 1229 1210 aequatur
1264 1157 1330 1209 ipsi
1368 1159 1548 1213 corporis

222 1229 392 1283 ponderi
424 1240 480 1266 Ξ
502 1227 541 1267 Ρ.
578 1227 823 1270 Hancobrem
847 1228 995 1270 necesse
1014 1229 1068 1269 ost
1097 1240 1140 1270 vt
1160 1232 1216 1271 vis
1244 1217 1308 1288 PsfG
1319 1221 1339 1248 g
1370 1233 1409 1272 in
1443 1233 1545 1273 ὥτε·

219 1292 359 1333 «stione
390 1289 418 1331 S
438 1305 457 1332 s
491 1291 676 1343 applicata
716 1293 948 1347 aequiualeat
987 1294 1027 1333 vi
1060 1294 1090 1333 P
1123 1294 1160 1333 in
1195 1295 1407 1335 direstione
1458 1294 1545 1338 GP

223 1356 433 1409 applicata.
502 1355 644 1409 Quodsi
678 1368 770 1408 ergo
803 1357 866 1396 illa
900 1359 958 1396 vis
992 1358 1123 1397 animo
1157 1358 1197 1396 in
1229 1357 1281 1397 sui
1309 1360 1546 1400 contrariam

224 1419 400 1470 mutari,
435 1418 589 1471 eiusque
607 1418 698 1459 loco
732 1420 771 1459 in
791 1419 1000 1460 dircstione
1032 1419 1058 1462 S
1078 1421 1125 1477 Q
1152 1421 1334 1475 applicari
1368 1424 1542 1477 concipi-

224 1500 311 1531 atur
342 1490 402 1529 vis
435 1478 594 1550 :¹²ng
615 1521 625 1540 ,
660 1489 754 1530 haec
797 1492 856 1532 vis
887 1504 978 1532 cum
1019 1493 1060 1532 vi
1101 1494 1290 1546 grauitatis
1331 1493 1361 1534 P
1403 1507 1545 1549 corpus

226 1554 268 1594 in
303 1551 526 1607 aequilibrio
559 1553 608 1593 ita
638 1556 856 1596 conseruare
888 1556 1068 1608 debebit,
1103 1566 1148 1596 vt
1165 1569 1288 1610 neque
1306 1560 1404 1597 circa
1423 1570 1544 1599 axem

221 1617 269 1658 O
302 1628 423 1670 neque
456 1616 554 1656 circa
587 1616 774 1659 flexuram
807 1620 846 1659 in
879 1620 919 1659 A
953 1620 1150 1673 quicquam
1192 1620 1430 1660 inflectatur:
1473 1634 1544 1662 ex-

228 1693 307 1734 quo
339 1679 476 1719 harum
510 1680 666 1720 duarum
702 1683 842 1723 virium
879 1692 1086 1723 momenta
1129 1696 1207 1723 tam
1250 1685 1419 1738 respectu
1460 1686 1550 1730 axis

224 1744 270 1785 Ο
303 1755 412 1797 quam
443 1742 611 1797 respectu
640 1744 810 1786 flexurae
841 1747 881 1788 in
915 1747 954 1787 A
986 1746 1024 1786 se
1056 1757 1197 1788 mutuo
1218 1749 1408 1790 destruant
1425 1783 1439 1804 ,
1471 1761 1547 1791 neo

224 1809 325 1848 cesse
358 1805 422 1845 est.

347 1869 380 1915 §.
402 1871 477 1915 36.
513 1867 805 1914 Consideremus
835 1875 969 1928 primo
1000 1874 1186 1916 ‘flcxm-am
1224 1876 1261 1915 in
1292 1877 1365 1932 A,
1394 1880 1544 1935 eritque

230 1931 293 1970 vis
323 1930 353 1970 P
386 1931 424 1970 in
459 1932 668 1974 direc‘tione
700 1935 770 1978 GP
802 1941 945 1991 agentis
977 1951 1224 1980 momentum
1263 1942 1310 1981 ad
1339 1943 1440 1984 hanc
1472 1944 1540 1985 fle-

226 2004 371 2039 xuram
400 1994 561 2038 relatum
590 2010 646 2038 z
665 1999 706 2041 P.
727 1999 821 2047 AG.
839 2002 904 2049 fin.
927 2001 1039 2048 AGP
1055 2017 1112 2045 :-
1131 2002 1241 2047 PAG
1259 2005 1327 2049 fin.
1349 2006 1469 2064 GVg
1484 2020 1543 2048 z:

1492 2071 1540 2112 P„
