2044 2735
434 106 699 153 CORPORV
699 103 753 152 M
788 104 825 149 F
825 105 951 150 LEX
951 102 1126 151 IBILIV
1124 103 1180 153 M
1399 105 1491 157 ἠδ

181 232 232 274 tia
276 230 460 275 CP:.1·
503 237 561 274 vis
605 234 847 274 acceleratrix
881 247 937 273 z
965 226 1051 286 εἷς
1090 231 1128 271 in
1163 228 1327 284 pendulo
1359 239 1492 274 autem

182 318 255 358 pro
297 307 427 346 eadem
470 307 639 346 distantia
679 306 729 346 est
763 307 821 345 vis
852 305 1096 345 acceleratrix
1136 316 1192 341 Ξ
1222 298 1280 363 {3
1315 315 1366 343 ex
1398 315 1490 356 quaa

181 391 266 418 rum
309 379 530 431 aequalitate
572 380 734 432 sequitur
752 379 858 433 s:-
879 371 916 437 ἓ.
983 377 1123 418 Statim
1165 390 1256 429 ergo
1287 390 1361 430 pro
1393 389 1488 430 quo-

181 443 240 480 xis
280 452 390 481 motu
433 442 663 482 oscillatorio
707 454 758 481 ex
808 441 883 481 sola
925 442 965 480 xi
1000 442 1257 482 acceleratrice
1291 440 1491 480 innotescit

181 505 379 556 longitudo
422 506 572 558 penduli
615 504 1032 557 fimplicisisochroni,
1073 516 1166 556 quae
1186 504 1325 556 prodit,
1360 503 1487 556 sispa-

182 569 278 607 tium
316 566 380 607 CP
412 580 482 620 per
514 570 594 608 vim
629 568 928 607 acceleratricem
950 600 961 618 ,
994 579 1110 620 quam
1146 579 1284 619 corpus
1347 567 1386 606 in
1419 566 1490 606 hac

180 631 349 670 distantia
390 631 499 670 sentit
541 631 755 683 diuidatur,
798 630 860 671 hic
895 631 1000 671 enim
1034 639 1170 684 quotus
1203 630 1343 683 x'bique
1376 629 1490 684 podit

176 695 345 734 ciusdem
378 695 604 747 quantitatis.

297 758 330 804 §.
373 769 439 795 12.
476 757 645 799 Vicissim
690 759 802 811 igitur
838 758 863 798 fi
914 757 1056 798 constet
1097 756 1293 809 longitudo
1333 756 1486 809 penduli

178 820 356 873 simplicis
388 820 577 860 isochroni
600 856 610 873 ,
652 835 746 875 quae
789 822 831 861 sit
874 820 992 876 ΞΥ,
1040 833 1112 874 pro
1152 830 1259 859 motu
1301 820 1486 873 quopiam

177 883 402 923 oscillatorio
422 917 432 935 ,
466 884 622 925 definire
658 885 867 938 poterimus
886 887 967 925 vim
999 884 1297 924 acceleratricem
1326 885 1365 922 in
1394 896 1487 936 qua-

177 948 235 987 vis
272 961 291 986 a
325 947 417 986 statu
454 949 586 1001 quietis
616 949 799 988 distantia.
866 948 906 988 Si
942 949 1123 988 nimirum
1160 947 1341 1000 punctum
1362 944 1396 985 C
1416 958 1486 998 per

174 1011 335 1064 spatium
371 1009 453 1050 AB
495 1013 553 1051 vti
595 1023 681 1052 ante
723 1011 991 1065 exposuimus,
1032 1010 1282 1050 oscillationes
1323 1010 1487 1050 absoluat

177 1075 326 1127 paribus
368 1076 602 1127 temporibus
649 1077 708 1115 vti
757 1075 966 1127 pendulum
1026 1074 1191 1127 simplex
1242 1073 1486 1126 longitudinis

165 1138 203 1192 f
218 1152 228 1188 ·,
266 1137 411 1176 necesse
442 1138 514 1189 est,
551 1139 670 1178 vtx'is
709 1138 953 1177 acceleratrix
975 1170 985 1188 ,
1026 1150 1096 1190 qua
1135 1137 1399 1189 corpusculum
1445 1137 1484 1175 in

176 1202 303 1253 quauis
336 1201 577 1252 elongatione
611 1200 644 1240 C
655 1202 785 1242 sz
828 1214 848 1240 a
890 1202 982 1240 statu
1024 1201 1159 1252 quietis
1201 1197 1235 1238 C
1278 1200 1487 1252 impellitur

176 1270 218 1310 sit
255 1283 309 1308 Ξ
343 1265 409 1327 ξς
453 1270 632 1323 siquidem
663 1302 673 1320 ,
717 1271 773 1309 vti
807 1270 844 1308 in
879 1269 1109 1322 sequentibus
1151 1267 1295 1321 semper
1331 1265 1486 1307 affami-

177 1346 260 1372 mus
282 1367 291 1384 ,
326 1332 571 1373 oli-illationes
609 1333 700 1372 fiant
733 1345 801 1385 per
835 1333 948 1386 spatia
966 1345 1079 1384 quam
1100 1331 1274 1370 minima.
1340 1330 1484 1387 Quodsi

176 1407 300 1436 autem
331 1396 528 1448 longitudo
570 1397 720 1449 penduli
753 1396 934 1448 simplicis
964 1407 1042 1434 non
1076 1394 1184 1433 fuerit
1214 1396 1396 1446 cognita,
1429 1405 1485 1433 ta-

178 1472 290 1509 men,
325 1459 350 1499 fi
369 1472 410 1498 ea
444 1460 541 1512 quasi
576 1461 726 1512 cognita
757 1460 936 1499 trac‘tetur
955 1491 965 1509 ,
998 1457 1319 1512 quemadmodum
1341 1459 1378 1496 in
1398 1470 1485 1497 ana-

176 1523 244 1572 lysi
278 1523 499 1576 quantitates
536 1524 750 1575 incognitae
771 1555 781 1574 ,
825 1533 1001 1576 tanquam
1036 1520 1153 1560 essent
1193 1523 1367 1574 cognitae
1408 1531 1484 1561 tra-

176 1586 270 1625 Ctari
311 1585 454 1636 solent,
502 1586 690 1638 exprellio
732 1599 802 1638 pro
842 1588 883 1625 Ὑί
925 1585 1184 1625 acceleratrice
1225 1585 1263 1623 in
1304 1587 1430 1639 quauis
1461 1597 1484 1624 a

174 1649 266 1689 statu
299 1650 432 1702 quietis
463 1649 631 1690 distantia
664 1651 904 1702 reperietur,
942 1661 1034 1702 quae
1068 1648 1227 1701 proinde
1260 1648 1287 1688 si
1321 1661 1481 1701 compa-

175 1722 276 1752 retur
310 1725 397 1753 cum
432 1714 469 1753 vi
491 1746 500 1764 ,
537 1726 608 1767 qua
639 1726 775 1766 corpus
809 1714 893 1753 actu
927 1712 1144 1752 sollicitatur
1164 1745 1173 1762 ,
1208 1711 1310 1751 dabit
1343 1724 1480 1766 aequa-

173 1778 317 1816 tionem
339 1809 349 1826 ,
384 1789 434 1816 ex
467 1789 537 1830 qua
571 1776 767 1829 longitudo
801 1777 954 1830 penduli
992 1776 1169 1828 simplicis
1201 1776 1388 1815 isochroni
1416 1776 1480 1815 de-

174 1839 446 1879 terminabitur.
517 1840 635 1880 Posita
667 1841 850 1880 nimirum
884 1854 956 1893 pro
991 1850 1098 1879 motu
1133 1839 1357 1879 oscillatorio
1391 1851 1478 1879 cor-

176 1902 314 1955 pusculi
351 1901 384 1942 C
418 1916 486 1956 per
518 1903 676 1956 spatium
713 1903 824 1954 AB,
860 1904 1095 1956 longitudine
1138 1903 1289 1955 penduli
1334 1903 1475 1956 simpli-

176 1967 228 2004 cis
258 1964 443 2005 isochroni
493 1967 556 2006 etsi
592 1967 639 2006 ad
679 1967 751 2007 huc
784 1969 976 2020 incognita
1013 1966 1122 2021 zs,
1164 1967 1233 2005 erit
1264 1966 1477 2020 corpusculi

822 2052 876 2056 .-
896 2030 912 2052 Ρ
926 2027 946 2052 C
967 2053 973 2059 .

175 2035 214 2074 in
248 2033 276 2073 P
308 2035 420 2087 positi
452 2037 509 2077 vis
540 2037 787 2077 acceleratrix
822 2071 878 2077 .-
908 2060 977 2100 f'7
1013 2048 1050 2078 at
1084 2051 1134 2078 ex
1178 2038 1283 2080 huius
1325 2043 1479 2093 aequili-

737 2102 772 2143 Κ
794 2116 818 2153 3
1415 2103 1487 2144 brii
