2044 2735
183 105 434 150 CVRVLIS
453 105 741 152 OLYMPICI
759 107 915 150 APVD
936 106 1116 151 ELEOS
1135 107 1393 152 VICTORF.
1411 121 1466 160 43
1480 123 1494 147 r.

184 228 232 267 ad
258 240 372 269 annos
397 227 533 268 decem
563 238 601 268 et
619 228 711 269 octo
731 229 972 281 produc‘tam.
1044 228 1156 270 Clare
1174 229 1249 270 hoc
1269 239 1426 284 apparet
1453 241 1504 269 ex

185 291 596 334 DaQuOSTHENlS
627 294 862 335 orationibus
896 296 933 334 iu
975 294 1192 348 Apliobum
1225 328 1235 346 ,
1277 295 1407 348 quibus
1449 308 1505 334 tu-

187 367 286 397 tores
319 357 399 397 suos
432 358 478 398 ad
512 359 650 398 iudices
681 357 799 398 defert
826 393 835 411 ‚
869 359 1169 412 patrimoniique
1205 360 1253 398 lui
1296 358 1505 399 admodum

187 423 289 461 male
321 422 567 462 administrati
602 434 688 462 reos
720 424 811 473 agit.
880 422 921 462 Si
955 424 1081 475 itaque
1114 422 1332 463 Alcibiades
1373 423 1506 462 decem

187 497 227 525 et
263 486 358 526 octo
389 497 507 526 anuos
540 496 645 525 natus
679 487 795 525 tutela
837 488 934 526 exiit
956 518 966 536 ‚
1001 496 1040 525 ct
1074 487 1237 526 militare
1270 488 1409 539 patriae
1430 486 1510 525 suae

186 550 361 590 moribus
400 549 539 590 eodem
592 560 771 603 tempore
819 551 950 604 coepit
978 581 988 599 ,
1035 560 1146 604 atque
1194 549 1229 589 ie
1279 550 1513 604 equestribus

188 613 526 653 exercitationibus
550 614 732 665 traditur,
770 616 892 666 potuit
927 615 1057 666 vtique
1091 623 1237 654 tautum
1272 614 1309 653 iu
1346 614 1388 653 iis
1422 626 1512 667 pro-

189 678 316 730 gredi,
351 687 393 717 vt
425 677 661 730 Olympiade
694 676 943 718 LXXXIX.
982 676 1214 730 profectibus
1246 677 1313 717 suis
1345 678 1514 731 aliquan-

190 750 274 781 tum
310 740 524 781 confideret
559 751 596 780 ct
629 742 842 795 periculum
877 754 1013 781 eorum
1046 741 1172 781 facere
1212 741 1398 782 auderet:
1434 754 1514 795 quo

189 815 369 858 tempore
403 805 626 845 vicesimum
661 807 867 860 septimum
903 818 1044 845 annum
1078 806 1192 859 egiss‘e
1225 818 1314 846 eum
1349 806 1509 858 colligo.

303 870 433 923 Atque
468 882 533 909 me
567 881 644 909 non
680 871 843 911 multum
878 868 978 910 forte
1012 869 1181 910 aberrare
1215 870 1254 909 in
1298 869 1373 909 hoc
1409 880 1514 909 anno

189 932 422 986 designando
454 933 518 972 vel
550 933 640 973 illud
672 936 846 975 maxime
880 934 1071 986 persuadet
1097 967 1104 973 .
1139 934 1245 988 quod
1278 933 1439 973 inuidiae
1474 933 1514 973 in

191 996 435 1037 Alcibiadem
471 997 619 1049 publice
652 1007 740 1038 tunc
775 998 1005 1051 exsurgentis
1038 998 1090 1038 ob
1124 999 1231 1039 illam
1266 997 1441 1051 equestris
1465 997 1516 1036 rei

190 1061 356 1115 gloriam
416 1060 518 1100 clara
576 1060 810 1103 documenta
870 1063 1028 1102 exstant.
1111 1061 1187 1102 lllo
1246 1062 1351 1102 enim
1410 1072 1515 1101 anno

190 1123 623 1167 ARISTOPHANES
655 1127 839 1180 produxit
872 1126 1143 1177 comoediam,
1178 1138 1272 1179 quae
1308 1125 1436 1167 Nubes
1455 1127 1517 1164 in·

192 1188 360 1229 scribitur
386 1221 397 1241 ,
442 1201 516 1243 qua
557 1187 757 1231 Socratem
787 1224 797 1243 ,
847 1190 1033 1231 Alcibiadi
1102 1189 1328 1230 carissimum
1376 1190 1518 1241 virum,

192 1253 242 1294 ita
274 1253 464 1304 traducit,
496 1262 543 1293 vt
582 1253 776 1295 manifeste
818 1255 993 1295 mordeat
1032 1254 1274 1295 Alcibiadem
1295 1287 1306 1306 ,
1347 1254 1445 1293 cuius
1478 1264 1520 1292 e-

191 1317 287 1357 tiam
323 1327 490 1357 matrem
522 1327 560 1357 et
592 1329 708 1369 genus
740 1329 870 1372 aperte
903 1318 1130 1370 insectatur,
1164 1327 1205 1357 et
1237 1318 1283 1358 ab
1315 1316 1382 1358 illo
1424 1316 1520 1356 iula-

190 1393 247 1422 no
279 1380 453 1434 equestris
482 1381 537 1422 rei
571 1380 695 1423 studio
727 1382 844 1423 multa
876 1382 1106 1436 reipublicae
1144 1381 1243 1422 mala
1268 1380 1521 1422 extimescen-

192 1445 240 1485 da
282 1445 481 1498 proponit.
549 1446 895 1502 Quemadmodum
942 1458 1067 1487 autem
1106 1445 1228 1487 sumus
1275 1446 1403 1498 ignem
1426 1478 1436 1497 ,
1470 1444 1520 1485 fic

194 1508 336 1549 inuidia
376 1508 540 1562 gloriam
584 1511 741 1563 prodit:
786 1509 876 1552 haec
917 1519 1046 1551 autem
1088 1519 1170 1551 tam
1213 1509 1402 1550 euidentia
1443 1509 1521 1549 eius

195 1572 427 1613 documenta
468 1574 508 1612 in
550 1572 757 1615 hominem
789 1583 872 1615 tarn
907 1574 1079 1617 nobilem
1115 1584 1153 1614 et
1191 1583 1398 1627 potentem
1442 1573 1523 1612 ediae

198 1645 238 1677 ta
257 1668 269 1686 ,
303 1634 447 1676 caulam
482 1635 566 1676 sane
606 1650 787 1691 magnam
808 1670 819 1689 ,
853 1651 875 1678 a
907 1651 977 1692 qua
1019 1638 1162 1678 irritata
1203 1646 1242 1677 et
1277 1638 1445 1677 excitata
1464 1635 1524 1677 fu-

196 1701 300 1753 erit,
332 1699 474 1740 debent
508 1701 618 1741 nobis
648 1702 827 1743 indicare.

318 1763 460 1817 Neque
495 1765 641 1805 obstare
681 1765 768 1806 huic
806 1765 1014 1805 sententiae
1054 1765 1202 1806 nostrae
1232 1763 1358 1819 potest
1376 1797 1388 1816 ,
1420 1764 1524 1818 quod

201 1826 270 1868 illo
300 1838 402 1868 anno
432 1828 647 1870 Alcibiades
681 1829 722 1870 in
761 1830 885 1871 castris
925 1830 971 1870 ad
1005 1827 1166 1870 Delium
1199 1827 1386 1870 Boeotiae
1403 1829 1522 1881 degit.

205 1889 244 1932 Is
277 1892 382 1932 enim
418 1891 524 1932 sacris
555 1892 649 1933 ludis
680 1893 810 1935 honor
839 1893 1045 1934 habebatur
1065 1924 1077 1944 ‚
1110 1902 1156 1933 vt
1175 1925 1186 1944 ‚
1220 1893 1372 1947 quando
1415 1891 1521 1931 insta-

203 1954 295 1995 bant
314 1987 325 2006 ,
357 1954 529 1995 induciae
568 1957 664 1998 iuter
703 1959 817 1999 vrbes
854 1958 992 1999 bellum
1034 1967 1207 2011 gerentes
1245 1956 1400 2010 publico
1431 1967 1528 1994 con-

202 2015 302 2058 sensu
344 2017 659 2060 denunciarentur
682 2054 694 2074 ,
738 2032 783 2062 vt
822 2022 938 2063 cuiuis
976 2021 1023 2063 ad
1068 2033 1134 2062 eos
1166 2029 1375 2060 conuentus
1425 2019 1529 2059 abire

208 2081 360 2123 volenti
388 2080 485 2123 nihil
522 2083 714 2139 obstaret,
747 2098 826 2141 quo
854 2087 976 2128 minus
992 2087 1117 2128 secure
1134 2083 1419 2138 commodeque
1459 2083 1527 2122 ad-

1470 2158 1526 2187 ire
