2044 2735
524 103 610 147 ¹4⁸
808 95 887 136 DE
919 91 1092 136 MOTV
1124 90 1555 138 OSC1LLA'FOR10

643 209 676 257 §.
714 223 787 260 31.
824 208 871 249 In
902 209 972 250 hac
1005 210 1293 262 inuestigatione
1313 243 1323 262 ‚
1357 209 1684 264 quemadmodum
1719 209 1755 247 in
1775 222 1829 249 re-

524 273 712 315 solutione
746 274 1016 328 plerorumque
1052 275 1334 327 problematum
1367 273 1447 314 fieri
1490 272 1614 324 tolet,
1656 274 1706 313 ita
1748 284 1834 312 vera

525 337 687 378 sabimur
706 371 716 388 ,
750 348 794 376 vt
828 337 962 376 statum
997 339 1168 389 corporis
1197 347 1304 378 extra
1338 337 1449 378 situm
1478 337 1699 390 aequilibrii,
1719 347 1834 389 quem

525 402 733 454 quaerimus
753 433 763 451 ,
797 411 991 453 tamquam
1025 402 1220 452 cognitum
1254 401 1465 454 spectemus
1485 432 1495 450 ,
1529 411 1570 439 ac
1597 400 1706 440 simul
1748 398 1835 438 lon-

525 464 736 516 gitudinem
772 464 926 516 penduli
959 464 1139 516 simplicis
1172 464 1359 504 ilOclironi
1394 463 1492 517 quasi
1520 465 1716 515 cognitam
1737 459 1836 502 affu-

524 540 690 568 mamus.
765 528 870 567 'sum
919 528 1058 578 igitur,
1100 529 1182 580 quia
1223 529 1378 567 cuiusuis
1418 528 1528 580 partis
1562 539 1721 576 motus,
1757 537 1836 578 quo

525 591 571 631 ad
606 590 739 631 statum
774 589 977 643 aequilibrii
1014 592 1216 643 peruenit,
1251 590 1301 630 cst
1333 592 1509 642 cognitus
1531 620 1540 638 ,
1585 590 1639 628 vis
1672 590 1719 629 ad
1747 601 1835 628 mo-

525 664 610 693 tum
647 654 914 697 oscillatorium
950 653 1237 706 producendum
1272 654 1441 706 requilita
1474 654 1717 692 determinari
1763 665 1835 704 po-

523 718 621 756 terit.
690 716 860 757 quentis
889 726 1018 756 autem
1056 717 1192 755 viribus
1211 749 1221 766 ,
1254 718 1384 768 quibus
1402 729 1537 756 omnes
1554 717 1726 768 corporis
1750 728 1834 768 par-

524 787 580 819 tes
612 779 799 820 sollicitari
834 790 1022 832 oportet,
1057 789 1098 818 vt
1132 779 1239 819 simul
1273 790 1381 832 :itque
1415 780 1482 818 illo
1517 778 1597 831 ipso
1639 788 1832 830 tempore,

523 843 627 896 quod
661 841 820 883 affumta
853 843 1006 895 penduli
1042 843 1218 896 simplicis
1252 841 1440 882 ispchroni
1473 841 1668 894 longitudo
1704 841 1830 893 postu·

521 905 603 956 lat,
637 907 683 947 ad
715 906 849 946 statum
890 906 1098 958 aequilibrii
1131 906 1323 958 appellant
1343 939 1351 954 ,
1389 905 1634 945 efficiendum
1669 904 1722 944 est
1745 938 1754 955 ,
1788 915 1832 943 vt

523 968 611 1009 istae
644 970 743 1009 vires
776 969 942 1018 viribus,
978 969 1105 1022 quibu>
1139 981 1276 1022 corpus
1309 970 1391 1008 actu
1428 969 1638 1009 sollicitatur
1658 998 1667 1015 ‚
1704 969 1833 1021 aequi-

521 1032 688 1072 valeant.
766 1031 876 1072 Loco
910 1032 1054 1072 illarum
1090 1033 1202 1083 igitur
1237 1032 1376 1072 virium
1399 1033 1552 1084 corpori
1569 1031 1833 1084 concipiantur

521 1095 729 1147 applicatae
762 1095 933 1148 aequales
967 1096 1005 1133 in
1042 1095 1310 1134 directionibus
1329 1095 1543 1144 contrariis,
1578 1092 1724 1146 haeque
1743 1107 1832 1134 cum

522 1158 663 1198 viribus
682 1190 693 1209 ,
725 1158 856 1211 qulbus
888 1170 1024 1210 corpus
1058 1158 1141 1197 ac‘tu
1177 1157 1412 1209 sollicitatur,
1448 1159 1486 1198 in
1504 1156 1723 1208 aequilibrio
1741 1169 1833 1196 con-

521 1221 643 1261 sistere
687 1222 877 1261 debebunt
955 1223 1151 1275 Quoniam
1196 1221 1308 1273 igitur
1352 1233 1491 1273 corpus
1523 1219 1575 1259 est
1608 1219 1737 1259 flexile
1756 1221 1835 1272 pri-

520 1296 592 1324 mo
627 1285 704 1324 eius
739 1285 897 1325 inflexio
931 1284 985 1325 est
1023 1285 1230 1336 indaganda
1264 1283 1310 1323 ab
1344 1283 1401 1324 his
1435 1283 1576 1324 viribus
1610 1282 1681 1322 sese
1714 1285 1834 1323 inae-

519 1347 696 1400 quilibrio
731 1348 938 1387 tenentibus
968 1346 1142 1386 resultans
1161 1379 1171 1396 ‚
1207 1347 1332 1400 sicque
1371 1347 1484 1387 status
1523 1346 1697 1399 corporis
1723 1357 1834 1387 extra

516 1410 724 1462 aequilibrii
758 1410 866 1449 situm
901 1411 1211 1450 determinabitur
1230 1442 1240 1461 ,
1275 1419 1357 1450 tum
1376 1422 1473 1450 vero
1491 1409 1601 1450 fimul
1632 1408 1835 1464 longitudo

518 1473 669 1526 penduli
703 1473 882 1525 simplicis
915 1472 1103 1512 isoclironi
1138 1473 1358 1512 innotescet.

633 1536 666 1583 ς.
708 1549 778 1585 32.
816 1536 908 1591 Quo
942 1547 1069 1575 autem
1112 1548 1251 1588 corpus
1293 1535 1423 1575 flexile
1465 1548 1486 1575 a
1526 1535 1710 1588 potentiis
1749 1536 1832 1588 qui-

517 1597 732 1652 buscunque
766 1598 1002 1638 sollicitatum
1044 1599 1081 1637 in
1117 1599 1340 1652 aequilibrio
1368 1598 1531 1638 versetur
1551 1630 1562 1648 ,
1598 1596 1746 1637 ncceffe
1765 1599 1832 1649 est,

516 1671 561 1702 vt
596 1663 634 1701 in
666 1663 794 1715 quauis
827 1662 971 1701 flexum
1004 1673 1208 1701 momenta
1243 1662 1504 1715 potentiarum
1538 1660 1571 1700 se
1605 1670 1739 1701 mutuo
1766 1662 1828 1702 de.-

517 1725 667 1765 struant.
737 1725 780 1765 In
815 1725 891 1764 casu
927 1725 1038 1777 igitur
1071 1725 1270 1777 proposito
1303 1734 1504 1765 momenta
1547 1724 1689 1764 virium
1731 1725 1832 1765 solli-

514 1789 709 1829 citantium
732 1788 897 1840 respectu
931 1788 1088 1827 cuiusuis
1121 1787 1288 1827 flexurae
1321 1788 1494 1840 corporis
1525 1787 1737 1839 inuestigari
1765 1788 1831 1828 de-

515 1851 659 1892 bebunt
687 1885 697 1902 ,
731 1864 824 1905 quae
856 1863 943 1891 cum
978 1850 1010 1889 {e
1041 1860 1176 1889 mutuo
1209 1851 1425 1901 destruant,
1463 1851 1630 1890 orientur
1662 1861 1723 1890 tot
1765 1863 1830 1890 ae-

514 1916 736 1968 quationcs,
771 1925 864 1967 quot
896 1926 1034 1966 corpus
1068 1913 1179 1954 habet
1213 1915 1401 1963 flexuras,
1435 1925 1485 1952 ex
1520 1914 1650 1966 quibus
1669 1914 1831 1955 inflexio

514 1980 718 2032 corporis,
763 1991 874 2030 quam
916 1977 952 2017 in
987 1976 1133 2029 singulis
1174 1977 1328 2017 flexuris
1378 1978 1569 2030 patietur,
1611 1977 1827 2019 definietur.

512 2041 621 2084 Tum
656 2054 751 2083 vcro
783 2042 899 2082 etiam
918 2073 929 2093 ‚
971 2041 999 2083 li
1032 2052 1170 2095 corpus
1202 2040 1311 2083 suerit
1344 2039 1490 2082 mobile
1521 2040 1619 2082 circa
1645 2052 1760 2081 axem
1783 2040 1830 2082 fi-

1697 2117 1794 2147 xum
1813 2136 1827 2158 ,
