2044 2735
495 159 588 200 380
665 141 1132 189 OBSERVAUONES'
1160 138 1693 199 Mmfionomcrcffl
1725 150 1801 185 etc.

498 276 568 310 27.
603 263 701 304 Maii
737 265 780 301 6.
817 268 857 304 8.
898 274 938 312 9,
979 273 1049 301 12.
1088 269 1157 309 ις.
1195 272 1265 310 29.
1301 269 1375 308 3ο.
1411 269 1489 307 31.
1523 259 1626 300 Iunii
1663 270 1793 309 ιη..

500 335 571 370 18.
610 340 680 377 23.
719 338 792 373 27.
836 324 920 366 Iulii
951 337 989 364 1.
1027 340 1060 374 4
1107 336 1178 363 20.
1217 335 1287 372 25.
1328 335 1399 372 27.
1444 325 1604 377 Augusti
1643 329 1681 365 8.
1726 333 1797 369 13.

494 390 730 444 Septembris
760 393 802 429 6.
844 401 914 427 10.
951 401 1007 439 14
1058 400 1130 438 24.
1170 399 1241 437 27.
1277 394 1349 429 28.
1385 387 1566 427 Cimbris
1598 397 1705 433 2.3.
1732 389 1797 424 16.

497 454 733 497 Nouembris
771 467 807 493 1.
846 465 886 490 2.
923 455 967 491 6.
1007 464 1074 490 11.
1113 464 1183 501 15.
1224 453 1289 489 16.
1331 463 1398 500 ¹9-
1437 463 1506 489 21.
1540 454 1796 499 26.27.30.

498 516 729 560 Decembris
763 529 802 556 1.
838 527 878 554 2.
916 518 986 556 26.
1011 526 1083 563 30.
1115 514 1222 555 Inter
1253 513 1324 554 hos
1356 515 1547 566 procellae
1577 514 1725 553 fuerunt
1745 513 1801 553 fu-

496 591 622 622 rentes
651 580 779 621 dicbus
810 578 972 619 Ianuarii
1008 591 1061 618 12
1083 610 1095 629 ,
1128 578 1228 617 circa
1270 577 1405 617 honam
1445 591 1483 616 2.
1520 590 1558 630 p.
1591 590 1646 618 m.
1682 577 1802 616 subito

499 644 711 696 exsurgens.
778 642 969 683 Februarii
1012 645 1080 680 26.
1121 640 1253 681 Martii
1290 652 1358 689 15.
1401 644 1467 679 16.
1507 653 1578 679 21.
1619 653 1688 678 22.
1730 652 1751 677 2
1792 670 1800 680 .

503 720 576 757 24.
627 705 771 759 Aprilis
822 718 894 746 20.
953 717 1026 745 22.
1073 704 1173 745 Maii
1224 719 1266 754 9.
1359 717 1426 753 ¹5·
1472 716 1552 744 vno
1592 704 1691 756 quasi
1725 704 1803 743 ictu

500 772 598 811 circa
638 769 778 817 horam
823 781 893 808 11.
939 780 974 807 a.
1010 781 1065 808 m.
1101 768 1278 807 excitata.
1321 767 1502 808 octobris
1545 781 1585 818 3.
1624 766 1803 807 Nouem*

499 834 574 875 bris
610 835 678 871 26.
717 842 789 881 27.
826 842 899 878 30,
932 831 1158 872 Decembris
1201 842 1239 868 1.
1301 831 1474 887 Quarum
1507 842 1551 870 ea
1572 863 1582 881 ,
1615 831 1805 883 quaesie—

499 898 573 937 viit
606 896 740 938 Martii
774 906 843 945 24.
878 895 930 935 ita
962 895 1151 936 vehemus
1190 902 1300 944 erat,
1335 902 1379 933 vt
1410 892 1631 934 afferculum
1673 894 1711 932 in
1744 893 1804 932 A·

501 968 748 1000 nemometro
797 957 988 1012 descripto
1037 960 1139 1007 inter
1184 953 1295 1009 Obse.¹
1307 959 1468 998 nationes
1516 956 1804 1009 Meterologicas

499 1023 549 1064 ab
580 1035 644 1063 an.
681 1022 801 1070 1726
835 1017 943 1075 esque
973 1025 1010 1063 in
1028 1022 1149 1072 finem
1180 1024 1266 1061 anni
1289 1024 1421 1071 1736.
1448 1020 1584 1076 sac'las
1620 1019 1802 1060 Praeleet.

507 1099 576 1124 11.
614 1088 647 1134 §.
684 1098 753 1125 10.
786 1084 927 1138 saepius
959 1085 1122 1125 eleuat-ret
1155 1085 1200 1124 ad
1234 1085 1368 1137 gradus
1402 1094 1458 1133 75
1483 1116 1494 1134 ,
1528 1084 1629 1123 vnde
1662 1084 1702 1122 in
1729 1084 1805 1124 mi-

501 1150 582 1190 nuti
617 1148 764 1188 secundi
798 1157 979 1201 tempore
1011 1147 1167 1187 absoluit
1201 1149 1317 1200 pedes
1350 1147 1556 1189 Rhenanos
1591 1153 1738 1195 1094).

617 1213 651 1260 ξ.
678 1224 745 1250 10.
781 1209 992 1252 Grandines
1022 1211 1171 1264 experti
1205 1210 1328 1250 sumus
1360 1211 1504 1264 Aprilis
1534 1211 1597 1250 die
1635 1222 1712 1261 20,
1732 1209 1805 1249 ho·

502 1287 541 1315 ra
578 1282 627 1324 5:-
660 1288 700 1328 p.
730 1287 770 1314 m
804 1274 964 1328 spirante
1004 1273 1201 1314 fiirtiffimo
1240 1274 1382 1314 Austro
1435 1275 1573 1326 Euro;
1609 1273 1709 1314 Maii
1743 1276 1803 1325 6,

501 1339 619 1379 flante
652 1340 791 1378 iterum
825 1337 915 1377 forti
949 1337 1265 1377 Austro-Euro.
1302 1337 1402 1378 Iunii
1444 1352 1459 1378 1
1489 1365 1499 1386 ‚
1537 1337 1652 1377 flante
1686 1336 1805 1376 velie-

502 1403 623 1442 menti
668 1401 840 1442 Austro-
879 1396 1102 1453 Zephyro,
1141 1402 1205 1454 qui
1247 1400 1316 1440 vix
1360 1401 1476 1441 horae
1516 1400 1636 1453 spatio
1668 1400 1806 1453 spirare

501 1475 589 1504 ante
621 1472 788 1516 ceperat.
831 1462 1068 1504 Nouembris
1105 1476 1158 1504 12
1181 1496 1191 1514 ,
1221 1465 1301 1504 sine
1335 1473 1453 1503 vento
1485 1463 1654 1504 sensibili.

618 1528 650 1575 §.
678 1539 745 1564 11.
783 1525 871 1566 Hoc
905 1528 1040 1566 eodem
1082 1539 1183 1566 anno
1216 1528 1329 1566 etiam
1362 1527 1503 1566 summa
1539 1526 1730 1579 diligentia
1766 1525 1806 1565 in

502 1590 540 1630 id
574 1590 753 1640 incubui,
803 1598 846 1627 vt
885 1589 1098 1629 obtinerem
1148 1590 1325 1629 exactam
1378 1588 1684 1630 Declinationem
1723 1599 1809 1628 acus

502 1654 750 1706 magneticae.
819 1650 998 1704 Sequenti
1044 1653 1157 1704 igitur
1190 1653 1345 1692 consilio
1379 1665 1462 1692 rem
1498 1652 1595 1692 hanc
1628 1650 1707 1692 fiim
1741 1663 1805 1704 ag-

502 1715 654 1768 gressus.
721 1715 898 1756 Obtinuit
932 1715 1142 1754 Academia
1175 1727 1194 1754 a
1215 1715 1506 1768 praeclarissimo
1531 1714 1692 1754 Artifice
1712 1715 1807 1755 Die-

501 1781 594 1819 trico
625 1775 757 1820 Melz.
793 1777 1136 1816 Amstelodamenfi
1155 1808 1166 1827 ,
1208 1777 1446 1817 exactissime
1477 1788 1516 1817 et
1547 1789 1699 1830 penitus
1730 1778 1808 1818 ela-

503 1842 676 1882 boratum
711 1840 786 1879 tale
817 1839 1115 1880 Instmmcnturn
1137 1871 1148 1888 ‚
1182 1841 1291 1892 quale
1322 1839 1404 1880 Cel.
1440 1839 1572 1882 Petrus
1606 1854 1683 1882 ‘van
1702 1837 1809 1895 Miss-

485 1901 715 1958 schenbroek
745 1904 918 1954 inuenit,
954 1913 990 1941 et
1021 1902 1209 1956 descripsit
1250 1905 1287 1942 in
1322 1901 1593 1958 Dfflbrtationis
1636 1904 1811 1959 Plgrstcae

501 1966 818 2023 Erperimentalis
851 1968 896 2008 de
931 1963 1123 2020 Magnete.
1159 1967 1441 2019 Experimento
1480 1980 1564 2017 109
1593 1979 1806 2022 p21g.233.

501 2032 538 2070 in
573 2044 650 2085 quo
683 2044 766 2070 acus
798 2030 1006 2083 magnetica
1049 2031 1200 2070 arcubus
1241 2030 1463 2070 orichalccis
1486 2064 1496 2081 ,
1530 2031 1643 2084 plane
1677 2032 1734 2072 vti
1768 2033 1807 2072 in

502 2094 530 2135 1.
571 2108 606 2136 c.
644 2094 900 2150 praeciptat,
942 2093 1109 2147 donata,
1151 2094 1428 2146 longitudinem
1472 2105 1574 2134 tenet
1615 2097 1660 2136 6.
1696 2095 1813 2150 polli-

1724 2171 1814 2199 cum
