2044 2735
583 116 642 154 ιε
1045 109 1186 172 εεξεν
1222 126 1248 153 0
1285 108 1426 169 ξξ-ξε

620 225 733 287 DE
795 224 1403 284 EXTRACTIONE
1463 223 1841 283 RADlCVM

672 314 755 355 EX
789 311 1257 370 QVANTITATIBVS
1292 311 1788 355 lssssarioxrimssvs

1134 435 1329 465 Avcronss

983 508 1145 552 LEON
1150 511 1190 553 H
1197 543 1203 550 .
1240 509 1477 552 EVLERO.

1166 637 1200 685 §—
1250 649 1288 676 1.

577 731 802 846 Veteres
836 740 1041 792 Analystae
1075 741 1204 794 ingens
1237 739 1397 781 studium
1430 740 1651 793 impendere
1685 740 1767 783 sunt
1799 741 1882 781 {bli-

715 806 742 844 ti
776 806 813 844 in
848 806 1064 847 doetrinam
1101 804 1352 858 quantitatum
1394 803 1668 842 irrationalium
1709 805 1768 844 scu
1808 809 1881 844 lur-

578 867 748 921 darum·‚
781 878 893 921 atque
927 869 964 910 in
997 868 1071 908 hoc
1105 878 1243 920 genere
1293 866 1528 919 potissimum
1581 869 1756 921 occupati
1805 867 1885 907 fue-

580 939 666 970 rant
686 962 698 981 ,
730 931 1049 983 quemadmedum
1083 943 1134 970 ex
1168 930 1258 969 dato
1292 929 1466 970 binomio
1498 928 1560 968 vel
1602 930 1748 970 residuo
1790 931 1885 969 radi·

579 1004 668 1032 cem
703 1002 781 1033 tam
815 994 985 1034 cubicam
1019 994 1204 1034 altiorisue
1235 993 1368 1045 gnidus
1402 1005 1515 1045 quam
1536 993 1791 1044 quadraticam
1821 1005 1887 1032 ex-

581 1056 730 1096 trahere
761 1067 915 1109 queant.
980 1055 1082 1097 Cum
1116 1057 1220 1095 enim
1255 1055 1446 1094 extraffio
1481 1055 1646 1096 radicum
1677 1068 1729 1095 ex
1757 1068 1888 1095 nume-
1951 1079 1956 1086 ·

583 1119 636 1159 ris
678 1120 917 1159 rationalibus
961 1121 1060 1160 nulla
1103 1119 1263 1172 amplius
1303 1115 1521 1158 difficultate
1564 1118 1775 1169 laboraret,
1818 1131 1887 1158 nu-

582 1182 681 1222 meri
716 1183 954 1224 irrationales
987 1195 1036 1222 eo
1068 1184 1257 1223 maiorem
1286 1181 1498 1221 molestiam
1519 1192 1776 1233 pepererunt,
1810 1194 1890 1234 quo

583 1245 711 1285 minus
740 1256 861 1284 nexus
895 1245 1043 1298 patebat
1075 1246 1171 1284 inter
1200 1244 1366 1284 radicem
1384 1243 1639 1283 irrationalem
1658 1244 1778 1296 ipsum
1798 1246 1894 1285 eius-

584 1319 659 1360 que
677 1307 879 1360 potestates
896 1307 1056 1347 cuiusuis
1081 1307 1225 1360 gradus.
1270 1306 1449 1346 Maxima
1473 1316 1600 1346 autem
1626 1306 1822 1346 difficultas
1850 1308 1891 1346 in

584 1368 662 1409 hoc
682 1369 894 1408 versabatur
920 1402 931 1419 ,
964 1379 1009 1408 vt
1036 1368 1250 1421 dignoscere
1277 1368 1426 1421 poffent
1449 1400 1459 1418 ,
1493 1379 1624 1408 vtrum
1653 1371 1890 1421 propositum

588 1430 804 1472 binomium
823 1432 999 1471 admittat
1018 1432 1180 1471 radicem
1202 1433 1341 1483 pariter
1360 1431 1570 1471 binomiam
1591 1433 1669 1471 eius
1688 1433 1892 1484 potest-itis,

587 1506 683 1547 quae
701 1495 887 1547 quaeritur
906 1526 916 1545 ,
952 1507 998 1533 an
1018 1492 1132 1534 non?
1173 1494 1277 1547 quod
1311 1494 1337 1534 si
1364 1495 1470 1533 enim
1497 1505 1738 1546 compertum
1771 1495 1891 1546 fuerit,

587 1557 668 1598 dari
686 1558 873 1597 eiusmodi
894 1557 1082 1607 radicem,
1117 1557 1193 1610 ipsa
1222 1556 1328 1596 huius
1353 1557 1483 1596 radicis
1511 1557 1677 1596 inuentio
1704 1570 1781 1596 non
1809 1571 1891 1598 am-

590 1619 687 1673 plius
721 1621 792 1659 erit
825 1619 1017 1672 difficilis3
1052 1619 1118 1659 Sin
1152 1629 1276 1659 autem
1311 1619 1522 1659 constiterit
1562 1620 1677 1659 talem
1722 1621 1889 1661 radicem

588 1684 753 1722 omnino
788 1695 866 1722 non
898 1684 1006 1733 dari,
1038 1682 1276 1735 praefixione
1310 1683 1397 1734 signi
1433 1682 1596 1721 radicalis
1616 1715 1625 1731 ‚
1659 1684 1714 1721 vti
1750 1685 1785 1721 in
1822 1697 1890 1723 nu-

589 1746 707 1784 meris
739 1746 978 1786 rationalibus
1008 1747 1072 1786 vlu
1106 1746 1238 1785 venire
1268 1746 1360 1785 lolet
1379 1778 1390 1796 ‚
1425 1755 1552 1785 totum
1587 1746 1787 1798 negotium
1826 1748 1892 1787 ab·

593 1806 769 1848 soluetur.

708 1871 742 1918 §.
786 1882 824 1908 2.
859 1869 904 1910 In
939 1869 1007 1911 hac
1039 1870 1293 1922 disquisitione
1327 1870 1560 1923 potissimum
1593 1871 1815 1911 considerari
1835 1874 1891 1912 so·

591 1931 672 1971 lent
703 1935 923 1986 quantitates
956 1934 1148 1973 binomine
1191 1933 1298 1972 liuius
1339 1933 1481 1973 lium-ae
1524 1933 1561 1972 Α
1587 1938 1641 1973 —l-
1668 1933 1700 1972 B
1720 1969 1728 1984 ,
1772 1936 1892 1975 deno-

589 1997 751 2039 tantibus
783 1997 990 2037 litterarum
1025 1998 1062 2036 A
1097 2006 1133 2035 ct
1168 1994 1201 2036 B
1234 1997 1346 2037 altera
1380 2009 1580 2037 numerum
1600 1997 1820 2040 rationalem
1840 2000 1891 2039 al-

1835 2072 1893 2104 tc·
