2044 2735
294 151 487 199 SVPER
522 148 722 198 PLANO
758 147 1079 194 INCLINATO
1108 145 1335 193 ASPERO.
1406 156 1490 189 201

296 279 329 327 ξ.
368 281 409 317 6.
463 277 595 318 Altera
646 286 769 314 autem
816 275 871 313 vis
905 260 1047 325 ffiAP,
1100 274 1204 313 cuius
1240 271 1404 312 directio
1439 269 1492 312 est

180 340 292 394 GH,
333 344 419 395 quia
463 343 620 395 planum
664 337 739 378 AB
774 340 851 377 eius
884 339 1027 378 actioni
1063 350 1140 376 non
1175 337 1326 387 obstat,
1358 348 1498 389 corpus

184 409 269 448 ac‘tu
323 405 569 460 promouebit
623 405 661 443 in
694 402 903 441 dire-&tione
954 400 1033 442 GH
1069 401 1178 454 eique
1214 410 1369 440 motum
1406 412 1495 453 pro-

181 470 383 524 greiiiuum
421 471 586 509 inducet.
655 466 850 522 Quamdiu
884 466 989 504 enim
1026 476 1164 516 corpus
1206 465 1259 503 est
1296 465 1333 503 in
1369 464 1497 516 quiete

180 536 307 575 fric'tio
343 534 464 587 plani,
501 541 788 586 quantacunque
821 541 862 567 ea
883 529 954 578 sit,
990 527 1134 567 nullum
1154 526 1336 566 effectum
1356 527 1496 579 exerit,

181 616 219 645 at
265 605 387 645 statim
428 617 470 643 ac
505 615 640 655 corpus
673 597 839 641 ELMD
873 611 894 638 a
928 599 969 637 vi
1002 586 1117 649 ζζξῬ
1138 597 1289 636 moueri
1330 597 1496 650 incipit,

184 670 385 709 resistentia
422 667 604 707 frietionis
637 665 758 704 subito
790 663 928 712 aderit,
963 673 1179 715 corpusque
1211 662 1250 700 in
1284 660 1498 700 directione

182 732 358 786 opposita
400 730 483 771 DA
519 728 696 769 retrahet.
762 726 1026 783 Quamobrem
1071 725 1137 765 nisi
1172 725 1230 765 vis
1263 735 1500 778 promonens

182 793 237 857 ᾖξ’
257 803 284 842 Ρ
315 803 438 840 maior
468 801 579 840 fuerit
598 832 608 850 ,
643 811 755 852 quam
788 796 935 847 frictio,
969 807 1106 848 corpus
1122 795 1158 834 in
1178 794 1391 837 diree'tlone
1409 792 1499 836 GH

181 866 404 922 promoueri
445 876 524 904 non
567 863 721 916 poterit.
790 860 929 914 Neque
968 871 1065 899 vero
1105 857 1232 898 frictio
1273 858 1340 897 ioli
1372 858 1501 899 motui

182 933 420 990 progreffiuo
454 946 572 988 quem
616 935 674 974 vis
714 921 815 986 ssssP
847 933 888 972 in
905 944 1069 982 corpore
1087 932 1297 984 producere
1315 940 1499 982 conatur,

183 999 386 1040 reluctatur
419 998 477 1038 sed
512 998 624 1037 etiam
645 1030 655 1050 ,
689 997 877 1051 quoniam
909 997 987 1036 eius
1020 995 1186 1036 directio
1220 993 1309 1034 DA
1330 1007 1409 1034 non
1430 1005 1502 1048 per

186 1074 362 1103 centrum
409 1062 598 1115 grauitatis
653 1074 825 1115 corporis
866 1059 905 1102 G
946 1059 1105 1111 transit,
1146 1059 1305 1112 corpori
1346 1069 1501 1099 motum

183 1128 413 1168 rotatorium
462 1127 561 1166 circa
615 1137 732 1165 axem
788 1137 855 1178 per
897 1134 1071 1164 centrum
1114 1123 1305 1176 grauitatis
1347 1124 1426 1162 eius
1459 1118 1500 1163 G

183 1190 436 1231 transeuntem
471 1200 582 1243 atque
618 1189 663 1228 ad
697 1188 857 1242 planum
891 1185 1002 1227 ΑΕΒ
1033 1186 1250 1226 normalem
1293 1186 1500 1239 imprime-

184 1267 227 1294 re
270 1255 492 1304 minitetur,
543 1252 704 1305 ac‘tuque
756 1252 989 1304 imprimet,
1029 1250 1096 1290 nisi
1143 1249 1366 1302 magnitudo
1409 1248 1504 1289 basis

186 1317 305 1367 DE,
347 1318 515 1370 aliaeque
556 1315 861 1356 circumstantiae
901 1315 987 1368 post
1020 1314 1277 1366 exponendae
1310 1312 1410 1352 hunc
1447 1313 1499 1352 ef:

183 1382 322 1422 fectum
366 1381 579 1432 impediant
663 1380 859 1434 Quoniam
900 1381 1003 1418 enim
1039 1390 1176 1430 corpus
1215 1389 1294 1415 non
1327 1376 1377 1416 est
1410 1377 1504 1417 libe-

187 1459 271 1485 rum
295 1478 304 1495 ,
338 1445 397 1484 scd
432 1445 550 1496 plano
584 1443 778 1482 immobili
813 1440 889 1482 ΑΒ
928 1441 1137 1491 incumbit,
1173 1452 1252 1478 non
1284 1439 1420 1480 sufficit
1456 1440 1503 1482 ad

188 1519 338 1549 motum
388 1507 612 1547 rotatorium
655 1507 912 1559 generandum
955 1507 1037 1545 vim
1078 1504 1308 1544 rotatorium
1351 1502 1504 1556 adesse,

186 1573 246 1613 scd
289 1573 404 1612 etiam
446 1581 588 1610 tantam
633 1570 708 1610 effe
750 1579 935 1623 oportet,
974 1578 1018 1608 rt
1051 1567 1241 1607 obstacula
1281 1567 1327 1607 ab
1358 1569 1507 1608 immo·

187 1636 332 1676 bilitate
368 1635 470 1688 plani
504 1633 588 1673 ΑΒ
624 1634 781 1673 oriunda
817 1633 987 1687 superare
1019 1632 1156 1672 valeat.

307 1716 338 1763 §.
377 1726 417 1763 7.
472 1715 578 1755 Ante
630 1716 764 1754 omnia
813 1714 926 1767 igitur
975 1714 1229 1767 quantitatem
1289 1711 1504 1767 frictionis,

190 1793 302 1833 quam
340 1792 506 1832 corpus,
539 1780 662 1818 statim
698 1791 739 1818 ac
775 1789 885 1818 motu
918 1778 982 1817 suo
1018 1778 1172 1831 planum
1210 1778 1340 1818 radere
1360 1780 1507 1832 incipit,

189 1844 325 1894 sentit,
361 1843 605 1882 determinari
639 1852 808 1895 oportet.
873 1841 919 1882 In
955 1842 1208 1894 praecedente
1239 1843 1394 1894 quidem
1436 1843 1504 1882 dis-

190 1907 386 1946 sertatione
420 1906 609 1959 exposui,
644 1906 973 1959 quemadmodum
1017 1905 1241 1945 fric'tionem
1284 1905 1392 1959 super
1426 1907 1509 1959 pla-

194 1982 248 2008 no
282 1970 511 2008 horizontali
554 1969 686 2021 aspero
729 1982 798 2023 per
841 1970 1112 2022 experimenta
1147 1970 1355 2021 explorare
1387 1983 1508 2022 opor·

194 2042 269 2070 teat
291 2064 300 2080 ,
337 2044 456 2083 neque
489 2042 616 2072 autem
651 2034 748 2072 hanc
781 2032 999 2072 frictionem
1037 2034 1074 2072 in
1108 2032 1291 2086 praesenti
1327 2036 1409 2072 casu
1443 2033 1509 2072 ad-

195 2094 326 2135 hibtre
361 2095 447 2133 licet
467 2126 476 2142 ,
512 2107 561 2133 eo
591 2097 694 2149 quod
726 2109 864 2150 corpus
894 2108 973 2136 non
1006 2107 1091 2137 toto
1124 2096 1190 2137 suo
1222 2096 1392 2151 pondere
1425 2096 1508 2148 pla-

259 2158 360 2199 Tont.
395 2157 535 2199 XIII.
865 2156 900 2198 C
920 2171 941 2198 c
1453 2170 1509 2199 no
