2044 2735
431 130 810 180 LAMINARVM
844 129 1054 176 ELASTl
1059 129 1095 176 C
1095 128 1278 175 ARVM
1431 144 1449 172 1
1463 144 1481 171 1
1492 140 1515 181 ς

205 254 453 296 theorematis
471 254 604 295 nostris
625 252 880 303 c01if01mcm3
905 250 987 290 vsus
1006 259 1138 291 autem
1165 252 1242 292 sum
1261 250 1375 304 tignis
1392 250 1516 291 tereti-

207 319 273 359 bus
294 352 304 370 ,
339 319 541 358 stme‘turae
585 328 623 357 et
655 315 825 356 craffitici
861 314 1056 355 vniioi‘mis
1090 325 1201 368 atque
1234 314 1460 368 praelongis,
1481 315 1519 355 in

208 383 340 436 quibus
374 381 649 422 ost-illationum
683 390 885 420 numerum
921 379 957 417 in
986 378 1076 418 dato
1110 388 1288 433 tempore
1320 379 1522 433 cognosce-

207 458 248 486 re
283 456 472 501 poteram.

325 510 359 558 §.
388 522 455 548 12.
505 506 733 551 Notabilcm
773 504 917 545 habent
957 504 1236 559 proprietatem
1270 505 1521 547 oscillationes

209 574 433 614 laminarum
483 572 557 612 sola
606 568 844 622 longitudine
886 581 907 608 a
941 568 976 608 se
1019 568 1183 608 inuicem
1227 568 1484 609 differentium
1507 604 1520 622 ,

211 649 349 690 nempe
383 635 485 690 quod
518 647 647 674 earum
682 643 861 672 numerus
896 633 935 671 in
967 632 1057 672 dato
1091 641 1270 684 tempore
1311 632 1356 674 sit
1390 633 1427 672 in
1464 645 1521 673 ra-

209 701 315 740 tione
349 700 544 752 reciproca
585 696 776 750 duplicata
814 694 978 736 laminae
1012 695 1287 748 longitudinis:
1332 696 1372 736 id
1404 708 1520 750 appa<

210 778 267 809 ret
317 779 370 806 ex
419 765 580 806 formula
631 766 665 813 ξ.
693 771 730 806 8.
764 751 825 818 ἧς
846 798 856 816 ,
909 777 1006 819 quate
1040 766 1321 820 longitudinem
1363 764 1522 821 penduli

210 830 400 872 iiochroni
434 829 621 869 exhibet:
656 830 743 882 quia
777 830 881 870 enim
907 843 939 882 g
971 829 1146 870 constans
1179 830 1232 870 est
1264 840 1307 870 vt
1341 841 1377 870 et
1404 844 1520 885 quan-

208 895 290 935 titas
331 901 382 933 m⁴
406 924 417 944 ‚
461 892 614 946 quando
657 905 798 946 nempe
832 893 995 933 laminae
1038 893 1110 934 sola
1142 894 1379 946 longitudine
1411 894 1521 938 diffe-

206 967 326 1008 runt,
358 957 523 1010 sequitur
569 955 850 1009 longitudinem
895 957 1054 1010 penduli
1086 957 1278 997 isoehroni
1314 958 1348 997 se
1382 958 1522 998 habete

208 1032 252 1061 vt
275 1020 351 1076 s⁴3
388 1020 440 1061 est
473 1029 604 1060 autem
626 1020 664 1076 s
685 1022 833 1074 semper
866 1021 1165 1074 proportionalis
1198 1020 1428 1074 longitudini
1467 1023 1521 1061 la-

207 1086 333 1126 minae
374 1083 391 1124 l
421 1082 520 1139 (per
552 1085 818 1137 aequationem
861 1084 1036 1124 Vltimam
1072 1085 1105 1132 §.
1134 1097 1200 1123 10.
1225 1089 1271 1137 );
1307 1086 1419 1138 igitur
1438 1085 1523 1125 lon-

207 1148 339 1202 gitudo
366 1147 522 1201 penduli
556 1145 748 1187 isochroni
781 1146 832 1186 est
864 1147 902 1186 in
938 1148 1088 1187 ratione
1138 1149 1357 1201 biquadtata
1398 1149 1522 1202 longi-

208 1211 348 1253 tudinis
379 1209 395 1250 l
424 1219 460 1250 et
491 1222 666 1250 numerus
705 1210 982 1250 oscillationum
1016 1211 1181 1250 laminae
1214 1213 1252 1250 in
1286 1213 1430 1251 ratione
1464 1224 1524 1251 re-

208 1276 361 1327 ciproca
411 1273 600 1326 duplicata
653 1273 820 1313 eiusdem
862 1263 1132 1326 longitudinis:
1177 1275 1281 1314 aliter
1322 1276 1447 1327 itaque
1486 1276 1523 1315 se

211 1337 351 1377 liabent
384 1335 603 1376 huiusmodi
636 1336 884 1376 oscillationes
917 1350 1028 1389 quam
1063 1338 1104 1376 in
1146 1338 1297 1378 chordis
1328 1338 1436 1378 tensis
1465 1337 1524 1377 so-

210 1401 246 1441 121
278 1400 516 1453 longitudine
547 1399 725 1440 diuersis:
770 1401 809 1439 in
844 1399 900 1439 his
934 1401 1038 1440 enim
1080 1400 1334 1454 longitudines
1377 1402 1524 1454 pendu-

212 1464 338 1504 lorum
389 1462 679 1503 isochronorum
729 1462 810 1502 sunt
848 1463 887 1502 in
921 1463 1069 1502 ratione
1110 1465 1284 1517 quadrata
1324 1464 1528 1517 longitudi-

213 1540 305 1567 num
341 1525 568 1566 chordzuum
602 1536 640 1566 et
658 1538 833 1567 numerus
852 1526 1111 1568 vibrationum
1140 1529 1305 1583 sequitur
1336 1529 1524 1569 rationem

210 1591 448 1645 reciprocam
482 1590 648 1631 chordae
681 1590 944 1644 longitudinis.

453 1685 508 1727 II.
574 1687 638 1727 De
658 1681 743 1741 sono
778 1685 1000 1729 laminarum
1033 1687 1284 1729 viba-asarum.

331 1781 364 1829 §.
394 1792 463 1831 13.
502 1780 638 1822 Nemo
673 1781 795 1823 adhuc
817 1817 827 1835 ,
860 1792 1041 1837 quantum
1063 1784 1168 1834 scio,
1203 1783 1249 1823 de
1283 1783 1375 1825 sono
1412 1798 1527 1840 quem

215 1844 378 1886 laminae
421 1845 588 1884 elasticae
632 1845 818 1899 descripto
861 1848 985 1888 modo
1019 1847 1189 1887 vibratae
1243 1848 1358 1888 edunt
1397 1850 1528 1890 diserte

215 1909 435 1947 sermonem
488 1907 576 1948 fecit
627 1918 688 1948 :iut
730 1910 861 1951 saltem
905 1911 1042 1964 aliquas
1084 1911 1188 1950 dedit
1220 1911 1527 1964 obseruationes,

214 1972 425 2011 cuiusmodi
459 1971 645 2024 plurimae
686 1973 792 2013 datae
825 1974 973 2014 fuerunt
1015 1974 1112 2013 circa
1154 1973 1266 2014 sonos
1297 1976 1527 2017 chmdamm

219 2033 440 2074 musicarum
479 2035 692 2087 tensarum,
742 2037 955 2091 priusquam
999 2037 1165 2090 pei-foeta
1217 2051 1348 2079 earum
1384 2039 1530 2080 theoria

221 2109 241 2136 a
275 2093 362 2136 Cel.
413 2096 610 2150 hylem,
653 2098 760 2142 Patre
794 2114 888 2142 meo
921 2101 1074 2156 aliisque
1115 2102 1269 2143 inuenta
1303 2101 1400 2142 suit:
1438 2103 1532 2142 scili-

849 2164 878 2205 P
901 2175 924 2201 2
1467 2174 1527 2205 cet
