2044 2735
560 111 651 154 126
834 103 920 150 DE
961 103 1134 149 MOTV
1168 100 1586 147 OSCILLATORIO

561 239 631 270 mo
662 222 816 280 quidem
851 223 890 263 in
920 220 1029 263 omni
1062 229 1171 262 motu
1203 220 1428 261 oscillatorio
1460 218 1676 274 spectandus
1706 219 1755 260 est
1794 219 1864 260 sta-

560 299 620 331 tus
651 287 787 343 quietis
819 286 877 326 seu
910 285 1103 339 aequilibri
1128 317 1138 335 ,
1176 285 1214 323 in
1249 297 1326 337 quo
1357 297 1520 337 corpu5‚
1555 283 1581 324 si
1616 283 1728 324 semel
1753 283 1864 324 fuerit

564 353 812 393 constitutum
842 383 854 402 ,
894 348 1128 402 acquiescat:
1166 348 1246 386 sunt
1289 349 1390 387 enim
1427 348 1667 387 oscillatioues
1699 349 1753 388 nil
1793 348 1865 386 ali-

563 416 615 456 ud
648 416 716 456 nisi
748 413 911 452 alternae
944 412 1167 452 acccss'ioncs
1200 424 1240 450 ac
1275 411 1492 451 reccffioncs
1524 424 1545 449 a
1580 411 1671 450 statu
1713 411 1867 464 aequrli·

563 479 648 520 brii.
717 476 781 518 Sic
813 475 966 530 penduli
999 487 1049 514 ex
1083 474 1227 527 puueto
1267 474 1352 513 fixo
1393 474 1546 526 suspensi
1589 474 1699 514 status
1739 474 1873 527 quietis

564 542 648 593 est,
681 553 758 595 quo
789 540 890 579 recta
924 550 992 591 per
1025 538 1208 591 punctum
1242 537 1335 576 istud
1367 536 1488 576 fixum
1525 548 1561 576 et
1596 549 1767 577 centrum
1786 550 1868 587 gra-

564 606 691 645 uitatis
719 603 891 656 corporis
923 601 1036 641 duc‘ta
1068 601 1177 641 situm
1213 610 1314 639 tenet
1342 600 1561 640 x'erticalem
1585 615 1595 653 ·,
1632 601 1722 640 dum
1743 610 1869 639 autem

566 668 814 709 oscillationes
846 665 989 718 peragit
1009 696 1019 714 ,
1053 665 1105 703 cis
1137 673 1174 702 et
1209 664 1307 703 vltra
1341 663 1439 702 hunc
1482 663 1614 703 statum
1656 665 1869 704 alternatim

567 731 767 781 excurrit,
801 729 923 767 donec
957 727 1108 767 tandem
1140 727 1179 767 in
1214 726 1288 767 hoc
1324 726 1416 766 statu
1449 727 1622 779 quiescat.
1687 727 1749 767 Sic
1776 740 1871 779 quo-

569 806 643 846 que
674 795 713 833 in
746 791 888 832 chorda
921 790 1021 830 tensa
1053 790 1160 830 datur
1194 791 1303 830 status
1334 790 1465 842 quietis
1484 822 1494 839 ,
1530 802 1551 828 e
1583 804 1658 842 quo
1690 791 1715 830 si
1756 789 1873 828 chor-

569 857 617 896 da
650 856 865 897 deturbetur
884 887 894 905 ,
928 854 1160 894 vibrationes
1192 853 1404 907 peragendo
1437 853 1650 892 alternatim
1689 854 1740 892 cis
1757 862 1793 890 et
1814 851 1872 890 xl-

570 928 629 959 tra
659 920 760 959 hunc
794 918 904 958 situm
937 917 1152 970 digreditur.
1220 919 1280 957 Ac
1314 916 1427 956 limili
1463 916 1580 954 modo
1599 917 1636 955 in
1657 917 1764 956 omui
1783 928 1872 954 mo-

574 991 616 1022 tu
647 982 875 1022 oscillatorio
907 981 1145 1020 obscruantur
1183 980 1368 1020 eiusmodi
1407 979 1750 1030 reciprocationes,
1791 979 1874 1030 qui-

573 1045 639 1086 bus
685 1057 847 1098 corpora
897 1044 1109 1083 alternatim
1149 1044 1330 1082 accedunt
1378 1054 1419 1080 ac
1460 1042 1638 1081 recedunt
1672 1044 1710 1083 in
1742 1041 1875 1081 eadem

574 1110 640 1149 via
671 1109 891 1161 semperque
924 1108 962 1145 in
998 1107 1106 1146 huius
1139 1107 1224 1144 viae
1258 1105 1388 1144 medio
1421 1105 1545 1145 existit
1578 1105 1685 1144 ssatus
1717 1105 1875 1159 quietis,

579 1172 620 1212 in
654 1183 730 1225 quo
773 1182 910 1222 corpus
951 1169 1104 1208 tandem
1126 1200 1136 1219 ,
1179 1167 1459 1207 excursionibus
1492 1168 1637 1219 penitus
1671 1167 1848 1207 extinc‘tis
1869 1199 1879 1216 ‚

575 1235 749 1287 quiescat.
816 1233 1012 1274 Oscillatio
1045 1240 1172 1271 autem
1205 1240 1363 1270 vocatur
1404 1241 1478 1268 vna
1520 1229 1713 1270 huiumodi
1756 1240 1882 1269 motus

578 1297 766 1350 reciproci
798 1295 975 1350 periodus
994 1327 1004 1346 ,
1035 1306 1107 1347 qua
1140 1306 1276 1346 corpus
1307 1306 1328 1332 e
1369 1292 1462 1331 statu
1503 1294 1637 1345 quietis
1677 1291 1879 1347 digressum

580 1360 720 1400 iterum
753 1359 800 1398 ad
833 1371 920 1398 eum
955 1358 1124 1407 accedit,
1159 1358 1318 1409 indeque
1352 1356 1506 1394 vlterius
1547 1357 1717 1407 recedit,
1759 1356 1881 1395 donec

584 1423 712 1463 denuo
748 1423 785 1461 in
820 1421 951 1460 eadem
986 1423 1048 1459 via
1082 1420 1216 1458 rcutrti
1252 1419 1431 1470 incipiat:
1468 1431 1517 1456 ex
1549 1433 1626 1470 quo
1659 1433 1734 1458 vna
1774 1431 1885 1471 quae·

586 1497 660 1538 que
692 1484 876 1524 oscillatio
908 1483 1046 1522 duabus
1079 1481 1223 1521 constat
1257 1481 1449 1533 partibus,
1484 1493 1640 1533 quarum
1683 1483 1801 1534 priori
1842 1481 1888 1520 ad

587 1548 721 1589 statum
754 1547 884 1600 quietis
915 1545 1079 1595 accedit,
1114 1545 1321 1597 posteris-re
1354 1544 1399 1582 ab
1433 1556 1480 1582 eo
1514 1545 1664 1583 recedit.
1732 1543 1891 1584 Oscilla-

586 1613 644 1651 tio
675 1623 766 1663 crgo
798 1609 926 1649 finitur
956 1621 1042 1648 cum
1078 1621 1215 1660 corpus
1247 1607 1419 1647 maxinte
1452 1619 1472 1645 a
1507 1606 1597 1646 llatu
1627 1609 1757 1659 quictis
1776 1607 1888 1646 receti

589 1675 702 1715 serit:
739 1673 865 1725 ibique
900 1673 1031 1724 incipit
1065 1685 1161 1710 noua
1195 1673 1344 1721 sequeus
1376 1670 1584 1717 ol'cillatio,
1626 1684 1719 1722 quae
1753 1672 1894 1723 pariter

589 1737 794 1778 absoluetur
826 1734 1029 1774 accellione
1061 1734 1105 1773 ad
1140 1734 1272 1773 ilatum
1305 1733 1437 1784 quietis
1457 1764 1467 1782 ,
1504 1745 1544 1771 ac
1579 1733 1812 1786 subsequente
1834 1746 1892 1772 re-

587 1800 747 1841 cessione
779 1799 824 1837 ab
859 1798 992 1836 eodem
1027 1798 1208 1836 termino.

709 1863 742 1909 §.
767 1876 808 1910 4.
864 1861 1029 1900 Primim
1084 1861 1195 1911 igitur
1245 1869 1371 1897 natura
1408 1858 1514 1897 ssatus
1545 1859 1706 1910 quictis,
1758 1862 1819 1913 qui
1856 1862 1893 1900 in

593 1926 705 1966 omui
737 1935 846 1965 motu
880 1923 1102 1962 oscillato1·io
1146 1922 1236 1960 incl}
1271 1922 1479 1973 diligtnunn
1524 1923 1737 1973 perimituri
1778 1938 1895 1976 opor-

595 1999 678 2039 tet,
713 2001 798 2027 cum
832 1999 881 2026 ex
917 2000 964 2025 eo
1000 1997 1128 2025 nunus
1159 1985 1404 2023 olrillatorius
1440 1984 1670 2036 potiilimrm
1717 1989 1897 2038 pcndmt,

596 2065 640 2093 ac
672 2052 950 2092 derciuiinctur.
1014 2048 1176 2103 Duplici
1213 2059 1340 2088 auum
1378 2048 1500 2087 modo
1534 2062 1671 2101 corsus
1705 2052 1742 2089 jn
1773 2052 1899 2102 quic-te

1777 2113 1896 2152 tersa-
