2044 2735
555 130 638 169 192
858 112 937 154 DF,
970 106 1132 153 SONIS
1177 109 1556 152 MJJ'LTJFARHS

552 240 776 284 argumento
811 230 964 283 physica
996 230 1075 269 sunt
1095 260 1105 279 ,
1140 229 1413 281 experimentis
1443 226 1736 267 confirm-aucto.
1770 227 1857 269 Du-

552 296 643 348 plici
677 295 781 334 cnim
819 294 1019 334 ratiocinio
1051 292 1229 332 haCtenu»
1262 292 1362 332 die‘ta
1395 292 1559 331 eruimus
1578 323 1588 341 ,
1623 291 1740 331 altero
1759 293 1859 346 phy-

554 359 661 409 sico,
702 371 779 412 quo
823 358 1014 398 statuimus
1061 356 1290 396 vibrationes
1330 357 1491 395 laminae
1534 355 1672 393 liberae
1705 365 1741 394 et
1775 368 1857 408 per-

552 421 675 463 cussae
709 423 752 461 iis
786 421 865 461 ficri
900 422 1052 472 modis‘,
1087 432 1181 474 quos
1200 420 1338 472 figurae
1361 420 1505 458 nostrae
1536 418 1729 471 indicant3
1766 419 1859 458 altc-

553 500 600 527 ro
634 498 726 540 pure
758 486 1025 538 geometrico,
1060 484 1164 535 (upra
1196 496 1357 523 omnem
1399 483 1672 522 dubitationem
1717 482 1857 535 posito.

553 551 814 592 Ratiocinium
845 558 970 588 autem
1004 547 1206 600 pbj'licum
1240 547 1410 599 quamuis
1447 559 1525 584 nen
1557 545 1741 596 dubitem,
1770 546 1861 599 quin

553 615 622 654 vni
665 614 799 666 cuique
841 612 964 652 statim
1009 611 1050 652 iit
1092 611 1203 663 plane
1247 610 1472 663 probabile,
1517 622 1595 648 non
1630 610 1773 661 poterit
1806 617 1861 648 ta-

553 690 644 718 men
680 688 752 730 pro
787 686 898 715 certo
933 674 1090 724 haberi,
1126 675 1341 726 priusquam
1377 674 1414 712 id
1447 673 1719 725 experimentis
1751 672 1863 712 fuerit

553 739 862 791 confirmatum·⁷
896 737 1024 791 Spero
1056 738 1181 790 itaque
1223 750 1301 775 non
1346 737 1532 789 ingratum
1574 736 1684 787 fore,
1728 735 1755 775 si
1798 735 1861 776 hic

553 803 767 857 apposuero
801 804 1096 855 experimenta,
1128 812 1220 853 quae
1253 800 1388 839 institui
1418 810 1455 839 et
1475 799 1754 838 obseruationes
1774 811 1864 852 quas

551 867 622 907 feci
664 868 762 907 circa
804 866 966 905 diuersos
1006 865 1115 904 sonos
1157 863 1405 904 diuerlimode
1447 876 1468 902 e
1502 862 1650 902 laminis
1683 862 1860 913 elicitos,

551 931 597 970 iis
630 931 844 983 praesertim
866 963 876 981 ,
911 929 1040 982 quibus
1073 927 1283 978 geometria
1317 939 1394 965 non
1427 926 1510 966 {iltis
1550 926 1700 965 imbutis
1741 937 1861 979 expe-

551 994 718 1035 rimenta
752 993 864 1033 instar
898 990 1265 1033 demonstrationum
1298 990 1389 1030 sunt.

661 1118 1051 1199 Experimenta
1093 1128 1144 1172 et
1187 1115 1236 1173 C
1235 1111 1483 1173 orollaria
1525 1108 1750 1188 Phyfica.

666 1254 796 1307 Virgis
828 1253 910 1294 vsus
943 1252 1020 1294 sum
1055 1250 1273 1303 cylindricis
1304 1251 1436 1290 vitreis
1468 1249 1696 1290 diuersarum
1742 1247 1862 1301 longi-

550 1318 725 1359 tudinum
759 1327 797 1357 et
831 1316 1109 1358 crafl'itiertlm:
1145 1313 1383 1355 crassissimae
1417 1314 1603 1353 diameter
1634 1321 1792 1365 quatuor
1819 1312 1867 1351 li-

550 1383 630 1422 neis
662 1380 792 1436 paullo
826 1383 950 1420 maior
983 1386 1096 1431 erat3
1134 1379 1190 1417 At
1225 1390 1322 1417 vero
1356 1377 1418 1430 qui
1453 1376 1578 1415 nostra
1611 1376 1751 1415 imitari
1789 1387 1863 1414 vo-

547 1445 601 1485 let
634 1444 904 1496 experimenta
936 1441 1070 1482 melius
1103 1440 1211 1480 ficiet
1244 1441 1367 1492 virgas
1400 1439 1616 1479 adhibendo
1635 1438 1860 1490 chalybcas;

548 1507 771 1559 cylindricas
802 1518 898 1545 vero
933 1503 1158 1558 prismaticis
1193 1501 1361 1555 praefero
1383 1534 1392 1551 ,
1425 1502 1527 1555 quod
1561 1503 1599 1540 in
1642 1502 1714 1540 illis
1754 1501 1863 1540 oscil-

548 1571 711 1611 lationes
751 1569 904 1609 eaedem
948 1568 1017 1608 siut
1060 1568 1097 1606 in
1140 1577 1364 1618 quocunque
1406 1565 1522 1618 plano
1561 1565 1684 1604 siant:
1728 1564 1859 1616 Atque

547 1647 637 1674 cum
679 1631 812 1672 talibus
855 1632 972 1684 virgis
1011 1630 1231 1681 cylindricis
1279 1629 1468 1683 sequentia
1514 1627 1657 1668 institui
1709 1626 1862 1680 experi-

553 1706 698 1738 menta.

666 1759 699 1801 Ι.
735 1759 892 1812 Virgam
928 1756 1072 1796 duobus
1104 1756 1290 1795 extremis
1323 1755 1446 1807 digitis
1480 1755 1516 1794 in
1536 1763 1640 1794 certo
1668 1753 1756 1793 loco
1797 1765 1862 1805 ap-

549 1823 734 1878 prehendi
770 1821 1044 1875 pendulamque
1078 1819 1256 1867 sustinui,
1291 1829 1449 1871 tumque
1483 1830 1566 1857 cam
1584 1818 1711 1867 clauc,
1744 1828 1860 1870 quam

550 1889 665 1929 altera
697 1886 915 1925 detinebam
950 1895 1064 1922 manu
1098 1881 1276 1935 percusti:
1313 1880 1460 1921 Sonum
1497 1881 1616 1921 edidit
1651 1882 1756 1932 virga
1778 1892 1864 1932 per-

550 1949 650 1991 cussa
691 1949 755 1988 vel
799 1948 1028 1992 obscurum,
1073 1942 1332 1998 oppressum,
1374 1945 1464 1983 ilico
1507 1943 1754 1993 extinctum,
1798 1941 1863 1981 vel

552 2015 694 2055 clarum
715 2045 726 2064 ,
761 2012 917 2051 liberum
940 2043 950 2061 ,
987 2009 1197 2061 diutiusque
1231 2008 1464 2060 durantem3
1509 2007 1648 2046 haecce
1689 2007 1765 2046 duo
1806 2006 1861 2044 so-

554 2090 691 2118 norum
735 2088 868 2128 genera
909 2074 955 2113 ab
999 2073 1163 2112 inuicem
1207 2070 1412 2122 differunt,
1454 2081 1496 2110 vt
1538 2070 1616 2110 foui
1659 2081 1864 2124 campanae

552 2142 686 2184 medio
717 2137 884 2179 diffissae
920 2150 940 2178 a
975 2134 1088 2178 sonis
1123 2147 1332 2188 campanae
1367 2137 1532 2188 integrae
1799 2131 1866 2174 Ex
