2044 2735
151 93 230 142 CV
232 96 402 142 RVLIS
419 89 709 142 OLTMPJCI
724 95 884 142 APVD
898 92 1082 143 ELEOS
1107 93 1358 147 VlcmRE
1388 114 1444 158 41
1455 113 1482 159 ς

156 218 319 260 obscuris
363 228 402 259 et
444 230 523 258 non
565 214 769 258 clarissime
811 217 1030 270 patentibus
1060 214 1167 258 saetis
1199 215 1348 272 semper
1386 225 1487 272 puto

156 283 270 323 tutius
315 284 354 323 in
397 294 559 324 omnem
601 290 747 334 partem
789 280 1000 335 dispicere,
1042 290 1082 322 et
1114 280 1246 336 potius
1276 281 1487 335 ordinaria,

155 360 271 401 quam
306 357 413 387 extra
446 346 624 386 ordinem
660 344 780 397 posita
801 377 811 395 ,
845 343 957 397 sequi.

275 411 370 451 Esto
404 411 518 464 igitur
552 408 795 449 Alcibiadem
829 409 995 449 omnino
1026 409 1220 463 priuatum
1254 407 1302 449 ad
1336 407 1484 461 Olym·

156 474 244 528 pica
276 475 485 515 certamina
525 485 615 513 cum
648 480 752 511 tanta
785 483 932 525 pompa
972 471 1079 513 fuisse
1110 470 1339 526 proiectum.
1373 473 1484 515 Fecit

156 551 241 578 rem
277 539 468 578 maiorum
502 538 650 577 suorum
684 534 874 589 exemplo
905 547 1114 589 congruam
1134 567 1146 587 ,
1187 535 1311 589 deque
1343 536 1414 577 suis
1430 536 1483 578 fit-

156 602 350 643 ciiltatibus
371 635 381 653 ‚
423 599 662 654 ampliss‘imis
701 600 815 650 iane,
856 599 1070 640 testantem.
1138 597 1288 639 Annon
1322 600 1361 640 in
1397 612 1482 654 eo,

156 679 225 719 per
260 665 467 706 iuuenilem
501 662 802 714 confidentiam,
835 664 972 704 nimias
1003 661 1192 716 impensas
1222 661 1352 704 fecerit
1371 696 1383 716 ,
1417 665 1484 719 qui

156 731 325 783 priuatus
353 729 532 769 omnium
568 738 704 780 regum
738 738 905 768 omnem
926 726 1254 780 magnificentiam
1272 725 1483 783 superauit;

156 805 292 847 parum
336 793 491 847 quidem
536 793 662 833 nostra
704 791 816 831 refert
856 792 1071 846 inquirere:
1113 790 1176 831 sed
1222 790 1398 832 aemulos
1431 793 1486 833 ita

155 854 353 909 iudicasse,
386 867 424 897 et
443 857 499 897 rei
531 855 702 911 publicae
721 888 732 906 ,
767 853 795 896 ss
828 854 937 910 ipsius
971 854 1148 896 manibus
1182 855 1485 909 permitteretur,

156 921 259 962 male
323 921 549 971 ominatos,
625 918 888 973 peculatusque
962 920 1042 960 eius
1103 918 1324 973 praedicere
1381 918 1488 961 ausos

153 984 257 1025 fiiisse
283 1017 294 1036 ,
350 984 475 1039 palam
526 982 579 1024 est
609 1016 620 1035 ,
673 982 749 1024 siue
798 982 1074 1035 Thucydidem
1126 982 1230 1035 legas
1255 1013 1266 1027 ,
1315 981 1393 1023 siue
1445 995 1488 1024 a·

154 1048 205 1089 lia
247 1048 324 1088 eius
366 1048 450 1088 aeui
491 1055 690 1088 momenta
731 1045 903 1101 inspicias
923 1061 937 1087 ;
976 1046 1025 1087 de
1059 1059 1139 1101 quo
1173 1045 1283 1100 plura
1323 1046 1449 1089 dicam
1469 1079 1488 1101 ,

154 1112 307 1167 quando
338 1112 385 1152 de
419 1121 597 1165 tempore
630 1122 869 1164 quaeremus.

274 1175 389 1217 Nunc
423 1175 698 1229 tempestiuum
734 1175 890 1216 videtur
919 1173 970 1215 de
1000 1173 1227 1230 equestribus
1260 1173 1483 1216 certamini·

153 1238 223 1280 bus
256 1241 296 1279 in
329 1238 549 1280 vniuersum:
578 1250 697 1294 pauca
730 1238 894 1279 delibare
913 1272 924 1291 ,
957 1247 1004 1279 vt
1037 1247 1146 1279 tanto
1180 1238 1299 1292 magis
1331 1247 1484 1292 pateat,

154 1315 324 1357 quonam
358 1301 644 1356 magnificentia
683 1302 890 1344 Alcibiadis
926 1302 1166 1356 potissimum
1209 1300 1389 1343 censenda
1419 1301 1481 1343 sit.

154 1368 287 1423 Quum
314 1366 434 1407 multa
461 1376 499 1406 et
516 1367 677 1407 celebria
695 1365 812 1408 essent
830 1380 902 1421 per
931 1365 1139 1409 Graeciam
1172 1366 1350 1407 ludorum
1370 1399 1382 1419 ,
1408 1365 1484 1406 ho-

154 1433 238 1472 nori
257 1432 419 1472 deorum
435 1430 740 1472 consecratorum
757 1463 770 1483 ,
805 1442 945 1484 genera
967 1444 980 1485 3
1006 1429 1225 1471 eminebant
1244 1440 1374 1471 tamen
1395 1429 1483 1483 plu-

154 1496 301 1536 timum
335 1493 421 1534 illae
443 1524 455 1545 ‚
490 1507 586 1548 quae
626 1494 731 1546 genti
770 1494 960 1535 vniuersae
997 1490 1148 1535 Graeca
1187 1495 1314 1548 lingua
1354 1494 1481 1534 vtenti

154 1570 382 1599 communes
415 1567 453 1598 et
486 1557 606 1598 sacrae
638 1558 898 1611 habebantur,
928 1553 1197 1614 ‘worm'yzssgqg
1230 1558 1291 1598 seu
1310 1569 1483 1598 conuen-

154 1633 215 1664 tus
257 1623 303 1663 ad
351 1621 582 1675 Olympiam
605 1653 617 1673 ,
668 1621 901 1674 Nemeam,
947 1621 1141 1662 Isthmum
1191 1631 1231 1662 et
1281 1619 1480 1674 Delphos.

154 1686 241 1727 Post
274 1685 451 1727 sacrificia
471 1718 491 1737 ‚¹
513 1687 558 1726 ad
590 1698 685 1740 quae
717 1684 882 1726 solemni
912 1697 1062 1739 pompa
1090 1686 1371 1740 procedebant,
1404 1685 1484 1725 ludi

155 1750 445 1791 instituebanrur
478 1750 607 1790 omnis
638 1749 813 1803 generis,
845 1750 1053 1802 gymnici,
1087 1749 1293 1803 equestres,
1327 1748 1481 1791 musici:

156 1822 335 1866 erantque
367 1813 507 1854 iudices
539 1812 769 1864 constituti,
811 1826 975 1867 quorum
1011 1812 1190 1866 suffragiis
1209 1846 1220 1865 ‚
1254 1814 1319 1867 qui
1353 1812 1481 1854 visto·

157 1876 253 1915 riam
272 1877 398 1929 adepti
418 1877 553 1928 essent,
597 1890 784 1918 coronam
819 1877 1053 1931 accipiebant
1092 1887 1131 1917 et
1163 1890 1296 1917 coram
1328 1876 1482 1916 vniuer-

157 1941 198 1979 so
216 1948 328 1979 coetu
356 1941 552 1992 praeconis
580 1953 679 1982 voce
695 1940 984 1981 declarabantur.
1054 1940 1192 1993 Neque
1225 1949 1479 1980 contemnen-

158 2002 204 2042 da
240 2011 319 2042 erat
348 2002 466 2055 gloria
485 2035 496 2054 ,
528 2017 643 2056 quam
675 2006 949 2059 gymnicorum
970 2006 1223 2045 certaminum
1242 2003 1369 2043 vietor
1387 2015 1482 2042 cou—

157 2065 406 2120 sequebatur:
449 2077 519 2106 nec
562 2069 700 2122 exigua
740 2078 847 2109 erant
889 2069 1152 2110 emolumenta
1174 2100 1184 2120 ‚
1218 2079 1311 2120 quae
1345 2068 1484 2119 cuique

1441 2142 1482 2169 in
