2044 2735
487 88 809 134 CORPQRVM
856 89 1249 136 FLEXJBILWM
1465 106 1552 147 149

231 221 359 256 xum,
399 209 470 263 ipse
506 209 565 248 hic
599 209 682 248 axis
716 208 882 249 flexume
917 210 1045 250 vicem
1066 209 1245 263 sustinet,
1278 213 1432 266 eiusque
1451 213 1549 255 adeo

231 274 402 326 rcl'pec‘tu
438 285 616 312 omnium
654 275 908 325 potentiarum
945 274 1226 315 sollicitantium
1268 287 1471 317 momenta
1514 278 1550 317 se

232 338 417 377 dellzuere
451 337 591 375 debent
620 369 629 387 ,
672 347 722 374 ex
766 348 835 387 qua
881 338 1107 389 aequatione
1147 338 1350 390 longitudo
1391 342 1550 392 penduli

229 402 406 453 simplicis
449 400 639 439 iiheiu-oui
691 399 1014 439 detera-umbitur.
1098 401 1244 440 Poterit
1287 404 1413 455 itaque
1454 404 1548 444 haec

230 465 434 504 methodus
464 464 633 502 adhiberi
664 461 711 501 ad
743 461 1004 502 oscillationes
1036 463 1222 516 regulares
1247 478 1460 518 corporum
1480 469 1550 508 fle-

228 528 407 567 xibilium
449 537 765 580 quorumcunque
809 526 1141 577 determinandas,
1183 527 1259 568 siue
1302 541 1442 582 corpus
1482 533 1546 572 ali-

227 603 322 643 quot
356 600 500 630 tantum
534 589 668 628 habeat
701 587 894 641 flexuras,
930 588 1000 629 siue
1028 589 1544 645 infinitasquemtdmodum

226 656 357 694 euenit
390 655 426 693 in
459 654 546 692 fune
582 654 644 692 seu
679 661 810 692 catena
843 651 1012 706 perstem
1047 654 1184 694 flexili.
1253 653 1387 696 Casum
1415 668 1545 698 autem

227 718 326 757 hunc
359 716 612 770 posteriorem
647 717 723 756 iam
759 716 845 757 alibi
882 716 989 756 fufius
1026 717 1104 758 sum
1138 718 1386 771 persecutus,
1430 734 1546 774 quare

225 781 286 821 hic
319 779 553 833 potiffimum
585 782 711 820 casum
744 780 914 834 priorem
936 812 948 831 ‚
983 782 1050 822 vbi
1091 795 1269 823 numerus
1309 783 1545 825 flexumrum

223 845 277 884 est
311 843 435 883 finitus
454 876 464 895 ,
495 844 710 897 euoluam3
744 846 889 898 quippe
922 845 963 884 in
996 858 1075 899 quo
1108 845 1270 886 consistit
1297 847 1466 901 quaestio
1486 849 1547 890 in·

222 908 291 949 itio
324 918 541 948 memorata
561 940 571 960 ,
606 920 719 961 quam
751 905 885 948 Celeb.
924 906 1165 949 Bernoullius
1208 909 1305 950 mihi
1348 911 1545 952 resoluen-

220 972 310 1011 dam
346 971 582 1025 proposuit3
618 981 655 1011 et
688 985 784 1025 quae
819 973 1008 1013 eiusmodi
1043 973 1261 1027 implicatur
1303 973 1545 1016 difficultati·

221 1035 288 1076 bus
307 1069 317 1088 ,
349 1047 448 1090 quae
482 1037 522 1075 in
552 1035 673 1076 altero
706 1037 786 1076 casu
819 1048 899 1078 non
933 1036 1285 1092 deprehenduntur.

338 1162 372 1210 §.
398 1175 420 1212 3
431 1172 469 1209 3.
489 1160 549 1203 Sit
567 1162 681 1216 igitur
698 1175 751 1203 ex
769 1175 844 1204 axe
863 1162 1096 1205 horizontali
1113 1164 1167 1216 O,
1185 1177 1305 1219 quem
1323 1165 1368 1207 ad
1384 1165 1540 1220 planum
1550 1178 1658 1223 ‘'fg-7·

221 1225 374 1265 chartae
401 1227 616 1267 normalem
652 1227 805 1280 concipi
833 1236 1012 1280 oportet,
1049 1228 1101 1269 ita
1134 1238 1178 1268 vt
1213 1228 1345 1269 charta
1383 1230 1542 1283 planum

224 1289 402 1328 verticale
421 1290 674 1342 repraesentet
693 1323 702 1341 ‚
736 1289 901 1344 suspenfit
921 1293 1025 1344 virga
1044 1292 1163 1345 rigida
1182 1291 1222 1332 O
1240 1291 1293 1344 A,
1320 1305 1437 1346 quam
1454 1304 1541 1338 tum

221 1352 375 1392 inertiae
409 1363 492 1393 tum
525 1354 641 1394 etiam
673 1356 867 1407 grauitatis
901 1365 1104 1408 expertem
1136 1354 1394 1397 assumamus:
1431 1357 1537 1399 hinc-

219 1428 294 1468 que
333 1416 464 1467 virgae
503 1417 542 1456 in
584 1417 624 1457 A
664 1418 859 1470 alligatum
901 1418 946 1458 sit
986 1430 1128 1472 corpus
1153 1417 1457 1472 ACBDita,
1492 1429 1538 1462 vt

219 1490 299 1518 non
330 1477 450 1519 solum
485 1493 624 1534 corpus
657 1492 746 1521 cum
780 1482 887 1535 virga
920 1482 1020 1522 circa
1049 1495 1166 1523 axem
1200 1483 1272 1535 Ο,
1314 1484 1378 1525 sed
1419 1484 1538 1526 etiam

216 1541 336 1595 ipsum
371 1554 512 1596 corpus
543 1545 642 1585 circa
675 1544 861 1586 flexuram
896 1546 935 1584 in
969 1545 1008 1585 A
1042 1546 1238 1587 liberrime
1270 1547 1415 1588 inflecti
1443 1561 1538 1602 que-

217 1616 267 1645 at.
341 1602 527 1659 Corporis
566 1609 677 1661 igitur
713 1609 764 1648 ita
805 1608 964 1662 iuspenfi
1006 1609 1124 1650 status
1172 1610 1381 1665 aequilibrii
1433 1613 1536 1665 erit,

217 1669 310 1709 dum
349 1680 523 1711 centrum
565 1672 757 1724 grauitatis
797 1673 878 1712 eius
918 1671 957 1715 G
997 1674 1037 1713 in
1074 1674 1179 1715 resta
1220 1674 1393 1716 verticali
1424 1675 1535 1729 Ob,

220 1731 295 1772 hoc
331 1734 384 1773 est
416 1746 456 1773 m
490 1736 638 1788 puncto
662 1749 695 1789 g
728 1737 895 1776 verfiitur
914 1770 925 1789 ‚
960 1746 1072 1791 atque
1105 1739 1143 1779 in
1179 1737 1256 1779 hoc
1289 1738 1359 1778 fitu
1401 1739 1538 1793 aequi·

217 1795 310 1836 librii
342 1797 458 1837 etiam
492 1800 681 1852 punctum
716 1799 755 1840 A
791 1800 829 1839 in
863 1801 998 1841 eadem
1032 1801 1135 1842 reeta
1169 1802 1343 1842 verticuli
1375 1801 1448 1844 Ob
1464 1814 1534 1856 pu-

219 1868 257 1898 ta
288 1860 324 1898 in
360 1861 506 1912 puncto
539 1876 564 1903 a
595 1864 707 1904 situm
743 1864 848 1917 erit·,
891 1864 1058 1917 alioquin
1093 1866 1197 1905 enim
1239 1877 1406 1918 corpus,
1449 1867 1535 1919 quia

220 1920 350 1961 flexile
383 1923 436 1962 est
456 1955 466 1970 ‚
500 1939 598 1967 circa
634 1927 821 1980 punCtum
842 1928 879 1967 A
900 1929 938 1967 in
972 1928 1194 1981 aequilibrio
1228 1929 1420 1982 persistere
1455 1942 1535 1970 non

218 1984 352 2036 posset.
417 1984 589 2040 Cognito
623 1991 698 2030 iam
730 1991 822 2031 statu
841 1991 1052 2044 :tequilibrii
1071 2025 1082 2042 ,
1117 1992 1358 2033 manifizstum
1378 1994 1430 2033 est
1449 2005 1535 2033 cor-

216 2060 286 2102 pus
317 2059 369 2089 ex
401 2061 452 2090 eo
485 2064 575 2093 cum
606 2055 772 2096 rotando
804 2055 902 2095 circa
935 2055 974 2096 Ο
1008 2064 1092 2098 tum
1126 2057 1226 2098 circa
1266 2056 1308 2098 A
1356 2056 1537 2098 declinari

830 2118 868 2157 T
903 2131 927 2169 3
1407 2116 1534 2175 poffe.
