2044 2735
546 118 642 171 1³40
964 109 1437 161 OBSERKAETIONES

661 233 700 283 ξ.
735 243 775 273 2.
811 234 986 289 Apparet
1019 245 1073 275 ex
1103 227 1688 290 liisfaltitudinibusBarometri,
1720 244 1846 275 earum

550 298 762 339 maximam
796 297 873 338 hoc
907 309 1008 338 anno
1039 297 1144 340 fuiss‘e
1179 308 1252 344 30-
1290 301 1344 338 28
1367 328 1379 347 ,
1414 307 1510 348 quae
1549 295 1738 337 obseruata
1779 299 1847 339 suit

550 362 612 400 die
645 373 700 400 20
734 360 864 411 Maii,
898 360 1089 401 serenitate
1122 359 1286 414 perfeeta
1317 359 1460 412 aliquot
1489 359 1633 399 dierum
1655 392 1666 410 ,
1706 360 1843 412 spiran-

551 434 588 462 te
620 423 803 464 mediocri
837 422 1040 478 zephym,
1071 423 1274 475 variabili3
1307 422 1394 475 quia
1431 433 1526 461 vero
1547 421 1650 462 vhaec
1689 423 1846 462 altitudo

547 487 724 527 maxima
762 487 868 527 illam
907 498 1002 539 quae
1041 498 1143 526 anno
1185 495 1300 534 1737
1339 483 1528 525 obseruata
1567 484 1663 537 fiu't,
1705 498 1846 539 nempe

548 559 622 595 30.
657 561 710 599 95
737 582 748 601 ,
782 561 860 591 non
892 549 1073 590 excedit:
1109 549 1202 590 haec
1239 547 1452 588 adhucdum
1494 556 1622 588 manet
1663 550 1840 589 omnium

546 611 609 651 hic
640 611 715 651 loci
747 613 1022 652 obferunt-arum
1055 613 1239 652 maxima.
1308 609 1476 651 Minima
1509 620 1636 650 autem
1654 609 1843 652 Barome-

547 675 596 712 tri
626 674 784 714 altitudo
817 674 892 714 hoc
925 686 1026 714 anno
1056 673 1124 714 fuit
1157 681 1229 715 28.
1258 676 1315 722 65
1340 700 1351 722 ‚
1386 684 1482 725 qnae
1522 674 1649 712 extitit
1688 675 1749 713 die
1786 688 1833 712 11

544 734 774 777 Decembris
792 769 803 787 ‚
834 749 921 777 curn
955 735 1286 790 Borea-zephyrus
1317 736 1423 775 fortis
1453 736 1680 775 turbulenter
1712 738 1842 778 niuem

543 811 616 852 per
646 801 733 840 a'e'ra
762 798 871 839 ferret
890 832 901 850 ,
932 809 970 838 et
1001 799 1117 839 nubes
1149 800 1352 839 continuae
1386 798 1528 850 aliquot
1566 799 1711 838 dierum
1752 802 1837 840 exi-

545 862 710 913 sterent,
744 874 830 902 cum
864 861 1001 915 frigore
1035 862 1232 902 mediocri.
1299 862 1407 917 Quae
1439 861 1549 912 igitur
1587 861 1742 902 minima
1784 863 1839 903 al-

544 925 669 964 titudo
699 924 807 965 huius
844 926 930 965 anni
954 955 966 976 ,
1005 937 1092 965 cum
1133 925 1324 964 inuentam
1369 925 1407 963 in
1450 925 1754 976 praecedentibus
1773 939 1835 965 an-

542 990 628 1038 nis,
661 999 800 1040 nempe
834 994 902 1029 28.
943 995 995 1029 18
1019 1019 1030 1038 ,
1060 990 1230 1040 superat:
1264 995 1393 1028 manet
1425 986 1544 1026 adhuc
1585 988 1685 1027 idem
1724 988 1837 1041 spati-

541 1062 609 1089 um
643 1051 893 1090 variationum
926 1049 1268 1090 Barometricarurn
1298 1059 1407 1089 antea
1427 1049 1630 1089 stabilitum
1652 1082 1663 1100 ,
1694 1063 1838 1104 nempe

541 1124 584 1151 2.
619 1121 692 1160 77.
757 1110 923 1165 Suntque
957 1112 1076 1152 adhuc
1114 1112 1336 1152 variationes
1377 1111 1586 1152 menstruae
1626 1113 1663 1152 in
1706 1114 1840 1167 primis

539 1184 581 1214 et
611 1174 756 1215 vltimis
785 1176 874 1215 anni
904 1175 1089 1216 mensibus
1119 1176 1280 1216 maiores
1298 1207 1309 1227 ,
1341 1175 1508 1217 minores
1537 1185 1664 1216 autern
1694 1177 1839 1230 praeci·

540 1238 576 1277 se
606 1238 670 1276 sex
704 1238 849 1278 mediis.

653 1310 689 1357 §-
725 1320 768 1356 3.
802 1310 970 1352 Auroras
1001 1309 1178 1352 Boi-cales
1210 1311 1287 1353 hoc
1319 1324 1421 1353 anno
1459 1311 1648 1353 obst-ruaui
1688 1312 1834 1368 sequen-

539 1381 594 1412 tes
615 1387 622 1411 :

547 1445 660 1484 1740
693 1434 881 1477 Ianouarii
917 1449 987 1476 12.
1021 1438 1205 1489 aderant,
1237 1439 1275 1478 in
1310 1438 1501 1479 serenitate
1532 1438 1734 1491 mediocri,
1767 1451 1833 1479 ve-

975 1500 1079 1553 stigia
1114 1502 1201 1541 lucis
1234 1499 1423 1552 Borealis,
1458 1501 1571 1540 flante
1602 1501 1737 1541 leniter
1754 1502 1835 1543 Eu-

976 1576 1051 1615 ro,
1082 1564 1304 1617 perdurante
1343 1564 1536 1603 serenitate
1575 1565 1772 1604 mediocri.

688 1638 877 1679 Februarii
913 1652 931 1678 x
942 1653 982 1690 9.
1018 1641 1093 1681 visti
1124 1643 1177 1681 est
1209 1642 1276 1681 lux
1309 1640 1433 1681 Borea
1465 1653 1605 1692 parua,
1639 1642 1735 1681 inter
1767 1655 1837 1683 nu·

976 1704 1070 1756 bes3
1107 1703 1217 1743 flante
1257 1705 1360 1744 tenui
1402 1703 1574 1754 Austr03
1618 1703 1737 1745 secuta
1779 1706 1832 1745 est

977 1777 1060 1805 nix.

686 1835 814 1876 Martii
878 1851 946 1877 12.
983 1838 1018 1878 in
1054 1838 1243 1878 serenitate
1278 1838 1536 1892 perit-stiffima
1570 1838 1713 1892 aliquot
1752 1842 1834 1883 dic-

978 1913 1063 1940 nim
1097 1903 1265 1955 apparuit
1299 1903 1363 1942 lux
1396 1901 1515 1941 Borea
1550 1901 1725 1953 infigms,
1760 1905 1834 1945 ho-

973 1976 1012 2003 ra
1050 1976 1101 2001 10
1138 1964 1351 2016 nocturna,
1385 1963 1523 2017 frigore
1557 1965 1738 2006 existente
1780 1968 1828 2007 sa-

967 2027 1014 2063 tis
1045 2026 1145 2066 finti.

1764 2103 1832 2140 13‘
