2044 2735
539 133 634 172 424
792 116 873 159 DE
906 114 1226 162 ALCIBIADE
1267 112 1631 160 CERTAMINIS

542 235 811 289 explicandam
852 235 1137 290 sustepiss‘emus.
1201 234 1363 289 Singulis
1402 244 1531 276 autem
1574 234 1770 288 generibus
1810 236 1855 276 li-

543 300 652 339 cebat
684 299 885 340 victoriam
925 302 1165 353 contingere.
1230 300 1419 352 Adeoque
1470 299 1689 351 Alcibiadi,
1729 300 1756 340 si
1798 299 1854 339 di-

542 363 660 403 versis
678 376 846 403 curruum
879 364 1075 418 generibus
1116 363 1164 404 ad
1195 372 1390 404 certamen
1424 362 1608 412 accessit‚
1642 364 1703 403 via
1736 364 1781 403 ad
1799 364 1854 404 di-

543 428 668 466 versis
700 427 910 480 victorias,
951 438 1155 482 earumque
1193 428 1387 481 praemia,
1422 438 1581 466 coronas
1612 427 1760 480 patuit:
1797 427 1857 467 ni-

544 488 675 543 hilque
705 502 802 544 opus
835 490 890 531 est
920 491 1152 532 contendere
1174 522 1185 540 ,
1217 491 1319 544 quod
1353 491 1505 531 diuersis
1535 489 1630 530 ludis
1661 502 1723 530 eas
1741 502 1857 545 quac-

541 565 624 593 rere
645 586 656 606 ‚
689 555 860 608 adeoque
893 556 998 596 annis
1028 553 1264 605 inter-icens,
1299 554 1485 594 debuerit.

662 619 790 671 Atque
841 618 921 670 sic,
970 617 1080 670 spero
1130 619 1339 671 equidem,
1389 618 1471 657 satis
1513 617 1696 670 expedita
1746 626 1855 658 erunt

542 680 674 720 omnia
694 713 705 732 ‚
738 691 841 734 quae
880 681 929 721 ad
961 681 1202 722 Alcibiadem
1243 681 1457 734 Olympiae
1497 682 1616 720 curuli
1647 683 1855 722 certamine

542 744 770 785 vincentem
802 745 1010 797 pertinent.
1080 745 1299 786 Enimuero
1332 744 1521 797 lupersnnt
1561 745 1705 797 aliquae
1743 757 1857 799 quae-

542 805 682 847 stiones
722 809 770 848 de
810 807 903 847 loco
941 817 983 847 et
1023 817 1232 861 tempore,
1276 808 1405 860 quibus
1455 820 1552 847 nunc
1593 809 1855 861 expendendis

541 882 701 922 operam
734 870 915 911 dabimus.
982 870 1134 912 Praeter
1175 871 1239 911 illa
1272 870 1465 910 sol'emnia
1505 870 1691 924 O¹ympn
1715 902 1725 921 ,
1759 884 1854 925 quae

541 932 630 974 Ioui
663 935 764 988 apud
797 933 915 974 Eleos
944 935 1080 987 quinto
1111 936 1242 988 quouis
1283 946 1384 973 anno
1418 945 1634 973 recurrente
1676 934 1721 974 ab
1746 937 1856 976 omni

540 995 691 1038 Graeca
729 1008 844 1050 gente
884 997 1197 1050 celebrabantur,
1239 1007 1347 1037 erant
1382 997 1565 1051 O‘ympia
1600 997 1727 1038 minus
1758 998 1860 1040 cele-

542 1059 651 1112 bria,
701 1061 748 1101 ab
788 1059 1086 1102 Atheniensibus
1133 1071 1175 1101 et
1208 1060 1480 1102 Macedonibus
1529 1061 1643 1100 certis
1690 1060 1856 1116 fixisque

542 1124 780 1178 temporibus
827 1124 890 1178 agi
931 1123 1037 1164 solita
1078 1125 1116 1166 in
1149 1124 1251 1166 Iouis
1284 1124 1471 1177 -Olympii
1514 1123 1722 1165 honorem.
1791 1126 1856 1167 Ad

540 1186 684 1228 horum
723 1187 845 1241 aliqua
886 1187 1089 1229 victoriam
1140 1188 1346 1230 Alcibiadis
1378 1187 1501 1228 reiicit
1533 1188 1594 1227 vir
1625 1188 1858 1230 doctissimus

541 1249 710 1293 IOSVA
749 1249 976 1293 BARNES
1018 1253 1056 1291 in
1099 1250 1292 1305 Euripidis
1332 1251 1410 1292 vita
1433 1284 1443 1303 ,
1483 1251 1618 1305 pagina
1652 1252 1858 1294 XXVIII.

540 1315 629 1370 „his
661 1315 817 1355 verbis:
852 1314 1064 1356 Archelaus
1096 1328 1167 1356 rex
1201 1314 1457 1358 Macedoniae
1489 1315 1588 1355 adeo
1620 1317 1764 1369 gloriae
1799 1329 1859 1357 ar-

541 1380 664 1434 „dore
697 1378 882 1430 incaluit,
914 1389 959 1419 vt
997 1379 1196 1434 olympica
1229 1379 1443 1419 certamina
1476 1378 1519 1418 in
1550 1377 1633 1419 Dio
1669 1379 1855 1421 Macedo-

537 1443 654 1498 „niae
696 1442 903 1482 institueret
928 1473 938 1493 ,
973 1454 1067 1496 qnae
1117 1442 1288 1496 respectu
1336 1441 1617 1495 OlympIOrum
1656 1443 1695 1483 in
1746 1444 1857 1484 Elide

540 1506 672 1560 „die'ta
701 1515 810 1545 erant
841 1505 1032 1558 Olympia
1063 1507 1235 1546 minora:
1270 1504 1374 1559 quod
1407 1514 1446 1545 et
1479 1504 1731 1545 Athenienles
1771 1517 1858 1548 ante

536 1582 656 1623 „enm
689 1567 814 1609 fecisse
847 1569 1040 1608 dicuntur:
1075 1570 1114 1609 in
1146 1569 1276 1624 quibus
1315 1568 1532 1608 Alcibiades
1565 1578 1623 1608 ter
1654 1570 1857 1611 victoriam

549 1632 792 1686 „reportabat
819 1645 831 1684 z,
865 1645 936 1671 nec
971 1633 1075 1672 enim
1117 1633 1147 1673 is
1178 1631 1297 1672 semel
1329 1633 1472 1672 maiora
1505 1631 1693 1685 Olympia
1729 1633 1859 1673 vicisse

542 1695 882 1750 „deprehenditun
946 1696 1136 1748 Adscripsi
1175 1696 1292 1735 verba
1333 1694 1527 1745 austoriS,
1568 1689 1746 1747 qnoniam
1789 1697 1861 1738 ob-

543 1759 687 1800 scurum
723 1758 900 1805 videtur,
936 1755 1231 1797 Macedoniisne
1262 1768 1308 1798 an
1341 1756 1636 1797 Atheniensibus
1667 1758 1864 1816 Olympiis

543 1822 740 1862 victorem
787 1821 933 1860 addicat
976 1820 1231 1860 Alcibiadem.
1295 1817 1402 1859 Mihi
1435 1820 1587 1873 quidem
1623 1834 1721 1860 vero
1752 1826 1861 1865 tide·

544 1896 604 1926 tur
636 1884 886 1933 simillimum,
920 1881 1138 1923 Barnesium
1182 1884 1418 1923 mentionem
1459 1883 1751 1926 Athcnicnlium
1794 1901 1862 1942 per

543 1950 706 1990 modum
754 1947 1021 2000 pai-entheleos
1063 1957 1209 1987 tantum
1253 1948 1401 1998 facere,
1443 1955 1484 1987 et
1517 1946 1651 1987 referre.
1693 1951 1863 1993 Alcibia.

544 2013 633 2053 dem
687 2012 732 2052 ad
773 2010 1093 2051 Macedoniomm
1136 2011 1183 2050 ab
1224 2009 1414 2051 Archelao
1454 2010 1710 2055 institutorum
1755 2016 1864 2057 ludo·

544 2089 628 2118 rum
660 2077 824 2118 vistorcs
843 2107 854 2128 ,
896 2075 1078 2129 quoniam
1112 2083 1243 2129 totus,
1278 2075 1344 2130 qui
1375 2073 1626 2130 subsequitur,
1658 2077 1785 2121 struto
1817 2083 1864 2122 de

1787 2145 1862 2188 hoc
