<?xml version="1.0" encoding="UTF-8"?>
<!DOCTYPE html PUBLIC "-//W3C//DTD XHTML 1.0 Transitional//EN"
    "http://www.w3.org/TR/xhtml1/DTD/xhtml1-transitional.dtd">
<html xmlns="http://www.w3.org/1999/xhtml" xml:lang="en" lang="en">
 <head>
  <title>
</title>
<meta http-equiv="Content-Type" content="text/html;charset=utf-8" />
  <meta name='ocr-system' content='tesseract 3.04.00' />
  <meta name='ocr-capabilities' content='ocr_page ocr_carea ocr_par ocr_line ocrx_word'/>
</head>
<body>
  <div class='ocr_page' id='page_1' title='image "./commentariiacade13impe/commentariiacade13impe_0427.png"; bbox 0 0 2044 2735; ppageno 0'>
   <div class='ocr_carea' id='block_1_1' title="bbox 143 123 1455 182">
    <p class='ocr_par' dir='ltr' id='par_1_1' title="bbox 143 123 1455 182">
     <span class='ocr_line' id='line_1_1' title="bbox 143 123 1455 182; baseline 0 -12"><span class='ocrx_word' id='word_1_1' title='bbox 143 128 276 171; x_wconf 65' lang='lat' dir='ltr'>CVR!</span> <span class='ocrx_word' id='word_1_2' title='bbox 286 125 384 170; x_wconf 77' lang='lat' dir='ltr'><strong><em>&#39;LIS</em></strong></span> <span class='ocrx_word' id='word_1_3' title='bbox 402 123 675 173; x_wconf 78' lang='lat' dir='ltr'><strong><em>OLTMPJCI</em></strong></span> <span class='ocrx_word' id='word_1_4' title='bbox 692 127 852 170; x_wconf 64' lang='lat' dir='ltr'>APVD</span> <span class='ocrx_word' id='word_1_5' title='bbox 872 123 1048 171; x_wconf 76' lang='lat' dir='ltr'>ELEOS</span> <span class='ocrx_word' id='word_1_6' title='bbox 1067 124 1322 174; x_wconf 72' lang='lat' dir='ltr'><em>VICTORE</em></span> <span class='ocrx_word' id='word_1_7' title='bbox 1366 143 1455 182; x_wconf 80' lang='lat'>419</span> 
     </span>
    </p>
   </div>
   <div class='ocr_carea' id='block_1_2' title="bbox 145 245 1483 2205">
    <p class='ocr_par' dir='ltr' id='par_1_2' title="bbox 145 245 1475 1177">
     <span class='ocr_line' id='line_1_2' title="bbox 145 245 1461 301; baseline 0.001 -14"><span class='ocrx_word' id='word_1_8' title='bbox 145 255 259 299; x_wconf 85' lang='lat' dir='ltr'>caput</span> <span class='ocrx_word' id='word_1_9' title='bbox 313 245 467 299; x_wconf 85' lang='lat' dir='ltr'>sequens</span> <span class='ocrx_word' id='word_1_10' title='bbox 517 247 564 287; x_wconf 85' lang='lat' dir='ltr'>sic</span> <span class='ocrx_word' id='word_1_11' title='bbox 605 247 774 287; x_wconf 90' lang='lat' dir='ltr'>orditur:</span> <span class='ocrx_word' id='word_1_12' title='bbox 818 246 954 301; x_wconf 75' lang='lat' dir='ltr'>„Ergo</span> <span class='ocrx_word' id='word_1_13' title='bbox 996 247 1118 301; x_wconf 83' lang='lat' dir='ltr'>prima</span> <span class='ocrx_word' id='word_1_14' title='bbox 1161 257 1199 289; x_wconf 88' lang='lat' dir='ltr'>et</span> <span class='ocrx_word' id='word_1_15' title='bbox 1232 249 1386 290; x_wconf 75' lang='lat' dir='ltr'>secunda</span> <span class='ocrx_word' id='word_1_16' title='bbox 1420 256 1461 289; x_wconf 86' lang='lat' dir='ltr'>et</span> 
     </span>
     <span class='ocr_line' id='line_1_3' title="bbox 149 308 1462 365; baseline 0.002 -17"><span class='ocrx_word' id='word_1_17' title='bbox 149 310 285 362; x_wconf 78' lang='lat' dir='ltr'>„tertia</span> <span class='ocrx_word' id='word_1_18' title='bbox 319 312 488 363; x_wconf 87' lang='lat' dir='ltr'>praemia</span> <span class='ocrx_word' id='word_1_19' title='bbox 522 308 627 350; x_wconf 74' lang='lat' dir='ltr'>fuiss‘e</span> <span class='ocrx_word' id='word_1_20' title='bbox 662 311 854 365; x_wconf 86' lang='lat' dir='ltr'>proposita</span> <span class='ocrx_word' id='word_1_21' title='bbox 875 344 885 362; x_wconf 91' lang='lat'>,</span> <span class='ocrx_word' id='word_1_22' title='bbox 920 320 963 350; x_wconf 78' lang='lat' dir='ltr'>vt</span> <span class='ocrx_word' id='word_1_23' title='bbox 999 313 1063 365; x_wconf 88' lang='lat' dir='ltr'>qui</span> <span class='ocrx_word' id='word_1_24' title='bbox 1097 311 1190 351; x_wconf 85' lang='lat' dir='ltr'>effet</span> <span class='ocrx_word' id='word_1_25' title='bbox 1223 312 1296 353; x_wconf 88' lang='lat' dir='ltr'>illis</span> <span class='ocrx_word' id='word_1_26' title='bbox 1327 313 1462 352; x_wconf 84' lang='lat' dir='ltr'>exclu-</span> 
     </span>
     <span class='ocr_line' id='line_1_4' title="bbox 148 374 1466 429; baseline 0.001 -16"><span class='ocrx_word' id='word_1_27' title='bbox 148 376 256 426; x_wconf 72' lang='lat' dir='ltr'>,‚fi1s‚</span> <span class='ocrx_word' id='word_1_28' title='bbox 291 386 369 413; x_wconf 88' lang='lat' dir='ltr'>non</span> <span class='ocrx_word' id='word_1_29' title='bbox 415 385 543 414; x_wconf 86' lang='lat' dir='ltr'>tamen</span> <span class='ocrx_word' id='word_1_30' title='bbox 586 374 681 414; x_wconf 86' lang='lat' dir='ltr'>hisce</span> <span class='ocrx_word' id='word_1_31' title='bbox 715 374 1018 423; x_wconf 77' lang='lat' dir='ltr'>defraudaretur,</span> <span class='ocrx_word' id='word_1_32' title='bbox 1059 376 1164 414; x_wconf 86' lang='lat' dir='ltr'>cuius</span> <span class='ocrx_word' id='word_1_33' title='bbox 1195 376 1347 429; x_wconf 84' lang='lat' dir='ltr'>aliquod</span> <span class='ocrx_word' id='word_1_34' title='bbox 1382 388 1466 416; x_wconf 84' lang='lat' dir='ltr'>me-</span> 
     </span>
     <span class='ocr_line' id='line_1_5' title="bbox 151 437 1462 492; baseline 0.001 -15"><span class='ocrx_word' id='word_1_35' title='bbox 151 440 288 489; x_wconf 81' lang='lat' dir='ltr'>„ritum</span> <span class='ocrx_word' id='word_1_36' title='bbox 324 450 413 490; x_wconf 89' lang='lat' dir='ltr'>prae</span> <span class='ocrx_word' id='word_1_37' title='bbox 444 438 573 477; x_wconf 83' lang='lat' dir='ltr'>ceteris</span> <span class='ocrx_word' id='word_1_38' title='bbox 602 438 686 490; x_wconf 86' lang='lat' dir='ltr'>post</span> <span class='ocrx_word' id='word_1_39' title='bbox 722 437 914 478; x_wconf 66' lang='lat' dir='ltr'>victorem</span> <span class='ocrx_word' id='word_1_40' title='bbox 948 438 1192 490; x_wconf 78' lang='lat' dir='ltr'>ant-agonistis</span> <span class='ocrx_word' id='word_1_41' title='bbox 1223 438 1340 489; x_wconf 85' lang='lat' dir='ltr'>soret,</span> <span class='ocrx_word' id='word_1_42' title='bbox 1378 452 1462 492; x_wconf 85' lang='lat' dir='ltr'>per-</span> 
     </span>
     <span class='ocr_line' id='line_1_6' title="bbox 149 500 1464 554; baseline 0.001 -14"><span class='ocrx_word' id='word_1_43' title='bbox 149 501 301 554; x_wconf 86' lang='lat' dir='ltr'>„spicuc</span> <span class='ocrx_word' id='word_1_44' title='bbox 335 514 375 542; x_wconf 87' lang='lat' dir='ltr'>ac</span> <span class='ocrx_word' id='word_1_45' title='bbox 409 502 600 553; x_wconf 79' lang='lat' dir='ltr'>eleganter</span> <span class='ocrx_word' id='word_1_46' title='bbox 643 500 755 540; x_wconf 90' lang='lat' dir='ltr'>Philo</span> <span class='ocrx_word' id='word_1_47' title='bbox 795 501 1010 549; x_wconf 84' lang='lat' dir='ltr'>admonet,</span> <span class='ocrx_word' id='word_1_48' title='bbox 1051 509 1189 541; x_wconf 84' lang='lat' dir='ltr'>cetera.</span> <span class='ocrx_word' id='word_1_49' title='bbox 1256 502 1464 542; x_wconf 69' lang='lat' dir='ltr'>Alcibiadis</span> 
     </span>
     <span class='ocr_line' id='line_1_7' title="bbox 148 563 1465 618; baseline 0.001 -14"><span class='ocrx_word' id='word_1_50' title='bbox 148 575 273 604; x_wconf 82' lang='lat' dir='ltr'>autem</span> <span class='ocrx_word' id='word_1_51' title='bbox 313 565 538 617; x_wconf 82' lang='lat' dir='ltr'>exemplum</span> <span class='ocrx_word' id='word_1_52' title='bbox 580 563 705 603; x_wconf 84' lang='lat' dir='ltr'>Fabro</span> <span class='ocrx_word' id='word_1_53' title='bbox 745 563 874 604; x_wconf 82' lang='lat' dir='ltr'>omnis</span> <span class='ocrx_word' id='word_1_54' title='bbox 911 563 1022 603; x_wconf 87' lang='lat' dir='ltr'>instar</span> <span class='ocrx_word' id='word_1_55' title='bbox 1055 564 1293 616; x_wconf 85' lang='lat' dir='ltr'>probationis</span> <span class='ocrx_word' id='word_1_56' title='bbox 1325 566 1465 618; x_wconf 77' lang='lat' dir='ltr'>videri,</span> 
     </span>
     <span class='ocr_line' id='line_1_8' title="bbox 147 626 1465 682; baseline 0.002 -15"><span class='ocrx_word' id='word_1_57' title='bbox 147 641 236 668; x_wconf 91' lang='lat' dir='ltr'>cum</span> <span class='ocrx_word' id='word_1_58' title='bbox 271 641 323 668; x_wconf 84' lang='lat' dir='ltr'>ex</span> <span class='ocrx_word' id='word_1_59' title='bbox 353 636 442 682; x_wconf 76' lang='lat' dir='ltr'>pag.</span> <span class='ocrx_word' id='word_1_60' title='bbox 488 629 586 675; x_wconf 91' lang='lat'>167.</span> <span class='ocrx_word' id='word_1_61' title='bbox 624 636 760 680; x_wconf 82' lang='lat' dir='ltr'>patet,</span> <span class='ocrx_word' id='word_1_62' title='bbox 793 626 859 666; x_wconf 76' lang='lat' dir='ltr'>vbi</span> <span class='ocrx_word' id='word_1_63' title='bbox 894 627 1015 679; x_wconf 86' lang='lat' dir='ltr'>ipsum</span> <span class='ocrx_word' id='word_1_64' title='bbox 1058 626 1258 682; x_wconf 87' lang='lat' dir='ltr'>Olympici</span> <span class='ocrx_word' id='word_1_65' title='bbox 1288 629 1465 670; x_wconf 81' lang='lat' dir='ltr'>certami-</span> 
     </span>
     <span class='ocr_line' id='line_1_9' title="bbox 149 690 1467 745; baseline 0 -14"><span class='ocrx_word' id='word_1_66' title='bbox 149 693 261 732; x_wconf 79' lang='lat' dir='ltr'>minis</span> <span class='ocrx_word' id='word_1_67' title='bbox 305 692 473 745; x_wconf 89' lang='lat' dir='ltr'>primum</span> <span class='ocrx_word' id='word_1_68' title='bbox 517 690 720 730; x_wconf 87' lang='lat' dir='ltr'>secundum</span> <span class='ocrx_word' id='word_1_69' title='bbox 760 703 802 731; x_wconf 81' lang='lat' dir='ltr'>ac</span> <span class='ocrx_word' id='word_1_70' title='bbox 840 691 997 730; x_wconf 89' lang='lat' dir='ltr'>tertium</span> <span class='ocrx_word' id='word_1_71' title='bbox 1038 691 1230 732; x_wconf 62' lang='lat' dir='ltr'>victorem</span> <span class='ocrx_word' id='word_1_72' title='bbox 1271 692 1371 735; x_wconf 75' lang='lat' dir='ltr'>suiss‘e</span> <span class='ocrx_word' id='word_1_73' title='bbox 1403 704 1467 732; x_wconf 89' lang='lat' dir='ltr'>re-</span> 
     </span>
     <span class='ocr_line' id='line_1_10' title="bbox 153 754 1464 810; baseline 0 -15"><span class='ocrx_word' id='word_1_74' title='bbox 153 759 369 796; x_wconf 79' lang='lat' dir='ltr'>nunciatum</span> <span class='ocrx_word' id='word_1_75' title='bbox 404 754 549 807; x_wconf 75' lang='lat' dir='ltr'>scribit3</span> <span class='ocrx_word' id='word_1_76' title='bbox 582 766 663 794; x_wconf 92' lang='lat' dir='ltr'>tum</span> <span class='ocrx_word' id='word_1_77' title='bbox 698 767 751 795; x_wconf 85' lang='lat' dir='ltr'>ex</span> <span class='ocrx_word' id='word_1_78' title='bbox 779 764 870 810; x_wconf 78' lang='lat' dir='ltr'>pag.</span> <span class='ocrx_word' id='word_1_79' title='bbox 905 757 1009 801; x_wconf 81' lang='lat'>316.</span> <span class='ocrx_word' id='word_1_80' title='bbox 1045 755 1110 794; x_wconf 78' lang='lat' dir='ltr'>vbi</span> <span class='ocrx_word' id='word_1_81' title='bbox 1144 755 1302 808; x_wconf 86' lang='lat' dir='ltr'>legimus</span> <span class='ocrx_word' id='word_1_82' title='bbox 1334 756 1464 797; x_wconf 83' lang='lat' dir='ltr'>admo-</span> 
     </span>
     <span class='ocr_line' id='line_1_11' title="bbox 151 818 1470 873; baseline -0.001 -14"><span class='ocrx_word' id='word_1_83' title='bbox 151 820 239 859; x_wconf 88' lang='lat' dir='ltr'>dum</span> <span class='ocrx_word' id='word_1_84' title='bbox 277 818 395 860; x_wconf 90' lang='lat' dir='ltr'>multa</span> <span class='ocrx_word' id='word_1_85' title='bbox 425 819 471 858; x_wconf 89' lang='lat' dir='ltr'>ad</span> <span class='ocrx_word' id='word_1_86' title='bbox 504 818 692 858; x_wconf 83' lang='lat' dir='ltr'>Plutarchi</span> <span class='ocrx_word' id='word_1_87' title='bbox 731 819 778 858; x_wconf 90' lang='lat' dir='ltr'>de</span> <span class='ocrx_word' id='word_1_88' title='bbox 810 818 1012 858; x_wconf 83' lang='lat' dir='ltr'>Alcibiade</span> <span class='ocrx_word' id='word_1_89' title='bbox 1047 820 1304 860; x_wconf 84' lang='lat' dir='ltr'>narrationem</span> <span class='ocrx_word' id='word_1_90' title='bbox 1348 831 1470 873; x_wconf 88' lang='lat' dir='ltr'>expe-</span> 
     </span>
     <span class='ocr_line' id='line_1_12' title="bbox 150 880 1472 935; baseline -0.001 -12"><span class='ocrx_word' id='word_1_91' title='bbox 150 884 332 924; x_wconf 90' lang='lat' dir='ltr'>diendam</span> <span class='ocrx_word' id='word_1_92' title='bbox 369 882 607 934; x_wconf 83' lang='lat' dir='ltr'>pertinentia.</span> <span class='ocrx_word' id='word_1_93' title='bbox 670 880 782 922; x_wconf 90' lang='lat' dir='ltr'>Serio</span> <span class='ocrx_word' id='word_1_94' title='bbox 815 882 946 935; x_wconf 78' lang='lat' dir='ltr'>itaque</span> <span class='ocrx_word' id='word_1_95' title='bbox 971 881 1091 921; x_wconf 89' lang='lat' dir='ltr'>credit</span> <span class='ocrx_word' id='word_1_96' title='bbox 1125 881 1369 923; x_wconf 79' lang='lat' dir='ltr'>Alcibiadem</span> <span class='ocrx_word' id='word_1_97' title='bbox 1396 883 1472 923; x_wconf 83' lang='lat' dir='ltr'>istis</span> 
     </span>
     <span class='ocr_line' id='line_1_13' title="bbox 152 944 1474 998; baseline 0.002 -12"><span class='ocrx_word' id='word_1_98' title='bbox 152 947 246 987; x_wconf 80' lang='lat' dir='ltr'>ludis</span> <span class='ocrx_word' id='word_1_99' title='bbox 297 945 514 998; x_wconf 78' lang='lat' dir='ltr'>Olympicis</span> <span class='ocrx_word' id='word_1_100' title='bbox 562 947 766 998; x_wconf 67' lang='lat' dir='ltr'>reportasse</span> <span class='ocrx_word' id='word_1_101' title='bbox 813 944 918 998; x_wconf 91' lang='lat' dir='ltr'>plura</span> <span class='ocrx_word' id='word_1_102' title='bbox 958 957 1040 984; x_wconf 82' lang='lat' dir='ltr'>vno</span> <span class='ocrx_word' id='word_1_103' title='bbox 1079 947 1289 998; x_wconf 80' lang='lat' dir='ltr'>praemia:</span> <span class='ocrx_word' id='word_1_104' title='bbox 1331 946 1474 988; x_wconf 88' lang='lat' dir='ltr'>scilicet</span> 
     </span>
     <span class='ocr_line' id='line_1_14' title="bbox 152 1006 1475 1064; baseline -0.001 -14"><span class='ocrx_word' id='word_1_105' title='bbox 152 1011 324 1063; x_wconf 90' lang='lat' dir='ltr'>primum</span> <span class='ocrx_word' id='word_1_106' title='bbox 346 1042 355 1060; x_wconf 93' lang='lat'>‚</span> <span class='ocrx_word' id='word_1_107' title='bbox 396 1010 468 1062; x_wconf 87' lang='lat' dir='ltr'>qud</span> <span class='ocrx_word' id='word_1_108' title='bbox 511 1009 666 1062; x_wconf 85' lang='lat' dir='ltr'>proprie</span> <span class='ocrx_word' id='word_1_109' title='bbox 699 1006 878 1064; x_wconf 71' lang='grc' dir='ltr'>βραβὲἱσν</span> <span class='ocrx_word' id='word_1_110' title='bbox 911 1018 1092 1048; x_wconf 78' lang='lat' dir='ltr'>vocatum</span> <span class='ocrx_word' id='word_1_111' title='bbox 1133 1009 1176 1049; x_wconf 83' lang='lat' dir='ltr'>sit</span> <span class='ocrx_word' id='word_1_112' title='bbox 1196 1043 1206 1061; x_wconf 85' lang='lat'>,</span> <span class='ocrx_word' id='word_1_113' title='bbox 1250 1010 1388 1049; x_wconf 87' lang='lat' dir='ltr'>deinde</span> <span class='ocrx_word' id='word_1_114' title='bbox 1421 1010 1475 1050; x_wconf 84' lang='lat' dir='ltr'>se-</span> 
     </span>
     <span class='ocr_line' id='line_1_15' title="bbox 153 1071 1474 1125; baseline 0.002 -13"><span class='ocrx_word' id='word_1_115' title='bbox 153 1074 318 1113; x_wconf 86' lang='lat' dir='ltr'>cundum</span> <span class='ocrx_word' id='word_1_116' title='bbox 362 1082 402 1111; x_wconf 89' lang='lat' dir='ltr'>et</span> <span class='ocrx_word' id='word_1_117' title='bbox 437 1083 608 1125; x_wconf 90' lang='lat' dir='ltr'>quartum</span> <span class='ocrx_word' id='word_1_118' title='bbox 649 1084 699 1112; x_wconf 84' lang='lat' dir='ltr'>ex</span> <span class='ocrx_word' id='word_1_119' title='bbox 732 1082 862 1113; x_wconf 85' lang='lat' dir='ltr'>mente</span> <span class='ocrx_word' id='word_1_120' title='bbox 905 1071 1173 1125; x_wconf 87' lang='lat' dir='ltr'>Thucydidis,</span> <span class='ocrx_word' id='word_1_121' title='bbox 1223 1084 1277 1114; x_wconf 82' lang='lat' dir='ltr'>cx</span> <span class='ocrx_word' id='word_1_122' title='bbox 1309 1073 1474 1114; x_wconf 88' lang='lat' dir='ltr'>aliorum</span> 
     </span>
     <span class='ocr_line' id='line_1_16' title="bbox 156 1136 747 1177; baseline -0.002 0"><span class='ocrx_word' id='word_1_123' title='bbox 156 1147 280 1177; x_wconf 85' lang='lat' dir='ltr'>autem</span> <span class='ocrx_word' id='word_1_124' title='bbox 318 1136 537 1176; x_wconf 84' lang='lat' dir='ltr'>testimonio</span> <span class='ocrx_word' id='word_1_125' title='bbox 579 1136 747 1176; x_wconf 88' lang='lat' dir='ltr'>tertium.</span> 
     </span>
    </p>

    <p class='ocr_par' dir='ltr' id='par_1_3' title="bbox 156 1197 1482 2143">
     <span class='ocr_line' id='line_1_17' title="bbox 273 1197 1478 1253; baseline 0.002 -14"><span class='ocrx_word' id='word_1_126' title='bbox 273 1197 488 1239; x_wconf 83' lang='lat' dir='ltr'>Conficitur</span> <span class='ocrx_word' id='word_1_127' title='bbox 519 1200 627 1250; x_wconf 89' lang='lat' dir='ltr'>inde,</span> <span class='ocrx_word' id='word_1_128' title='bbox 661 1199 764 1253; x_wconf 90' lang='lat' dir='ltr'>quod</span> <span class='ocrx_word' id='word_1_129' title='bbox 794 1212 845 1239; x_wconf 87' lang='lat' dir='ltr'>ex</span> <span class='ocrx_word' id='word_1_130' title='bbox 865 1209 997 1240; x_wconf 88' lang='lat' dir='ltr'>mente</span> <span class='ocrx_word' id='word_1_131' title='bbox 1032 1198 1219 1240; x_wconf 80' lang='lat' dir='ltr'>clarissimi</span> <span class='ocrx_word' id='word_1_132' title='bbox 1238 1198 1327 1241; x_wconf 87' lang='lat' dir='ltr'>ICti</span> <span class='ocrx_word' id='word_1_133' title='bbox 1359 1200 1478 1242; x_wconf 78' lang='lat' dir='ltr'>mini·</span> 
     </span>
     <span class='ocr_line' id='line_1_18' title="bbox 156 1263 1475 1318; baseline 0.002 -15"><span class='ocrx_word' id='word_1_134' title='bbox 156 1276 265 1304; x_wconf 90' lang='lat' dir='ltr'>mum</span> <span class='ocrx_word' id='word_1_135' title='bbox 306 1274 466 1317; x_wconf 88' lang='lat' dir='ltr'>quatuor</span> <span class='ocrx_word' id='word_1_136' title='bbox 507 1263 675 1316; x_wconf 81' lang='lat' dir='ltr'>praemia</span> <span class='ocrx_word' id='word_1_137' title='bbox 717 1263 851 1303; x_wconf 76' lang='lat' dir='ltr'>fuerint</span> <span class='ocrx_word' id='word_1_138' title='bbox 892 1274 980 1304; x_wconf 88' lang='lat' dir='ltr'>tunc</span> <span class='ocrx_word' id='word_1_139' title='bbox 1019 1264 1208 1317; x_wconf 86' lang='lat' dir='ltr'>temporis</span> <span class='ocrx_word' id='word_1_140' title='bbox 1250 1265 1475 1318; x_wconf 79' lang='lat' dir='ltr'>propolim,</span> 
     </span>
     <span class='ocr_line' id='line_1_19' title="bbox 157 1327 1475 1381; baseline 0.001 -15"><span class='ocrx_word' id='word_1_141' title='bbox 157 1340 249 1380; x_wconf 88' lang='lat' dir='ltr'>quae</span> <span class='ocrx_word' id='word_1_142' title='bbox 282 1327 498 1380; x_wconf 87' lang='lat' dir='ltr'>acciperent</span> <span class='ocrx_word' id='word_1_143' title='bbox 534 1329 702 1379; x_wconf 86' lang='lat' dir='ltr'>primus,</span> <span class='ocrx_word' id='word_1_144' title='bbox 736 1337 776 1366; x_wconf 90' lang='lat' dir='ltr'>et</span> <span class='ocrx_word' id='word_1_145' title='bbox 809 1328 872 1381; x_wconf 88' lang='lat' dir='ltr'>qui</span> <span class='ocrx_word' id='word_1_146' title='bbox 906 1341 926 1367; x_wconf 89' lang='lat' dir='ltr'>a</span> <span class='ocrx_word' id='word_1_147' title='bbox 959 1327 1090 1380; x_wconf 88' lang='lat' dir='ltr'>primo</span> <span class='ocrx_word' id='word_1_148' title='bbox 1120 1327 1315 1380; x_wconf 89' lang='lat' dir='ltr'>optimam</span> <span class='ocrx_word' id='word_1_149' title='bbox 1347 1337 1388 1367; x_wconf 89' lang='lat' dir='ltr'>et</span> <span class='ocrx_word' id='word_1_150' title='bbox 1421 1327 1475 1367; x_wconf 73' lang='lat' dir='ltr'>fe-</span> 
     </span>
     <span class='ocr_line' id='line_1_20' title="bbox 156 1388 1475 1444; baseline 0.001 -14"><span class='ocrx_word' id='word_1_151' title='bbox 156 1390 369 1430; x_wconf 77' lang='lat' dir='ltr'>licillimam</span> <span class='ocrx_word' id='word_1_152' title='bbox 410 1402 570 1443; x_wconf 83' lang='lat' dir='ltr'>operam</span> <span class='ocrx_word' id='word_1_153' title='bbox 611 1388 837 1441; x_wconf 84' lang='lat' dir='ltr'>nau-affent,</span> <span class='ocrx_word' id='word_1_154' title='bbox 885 1390 995 1444; x_wconf 73' lang='lat' dir='ltr'>vsque</span> <span class='ocrx_word' id='word_1_155' title='bbox 1028 1389 1074 1430; x_wconf 83' lang='lat' dir='ltr'>ad</span> <span class='ocrx_word' id='word_1_156' title='bbox 1108 1400 1300 1444; x_wconf 87' lang='lat' dir='ltr'>quartum.</span> <span class='ocrx_word' id='word_1_157' title='bbox 1369 1391 1475 1431; x_wconf 82' lang='lat' dir='ltr'>Ean-</span> 
     </span>
     <span class='ocr_line' id='line_1_21' title="bbox 157 1452 1476 1508; baseline 0.001 -15"><span class='ocrx_word' id='word_1_158' title='bbox 157 1455 247 1493; x_wconf 82' lang='lat' dir='ltr'>dem</span> <span class='ocrx_word' id='word_1_159' title='bbox 291 1455 517 1506; x_wconf 74' lang='lat' dir='ltr'>opinionem</span> <span class='ocrx_word' id='word_1_160' title='bbox 560 1452 692 1494; x_wconf 72' lang='lat' dir='ltr'>finient</span> <span class='ocrx_word' id='word_1_161' title='bbox 731 1453 952 1508; x_wconf 88' lang='lat' dir='ltr'>complures</span> <span class='ocrx_word' id='word_1_162' title='bbox 995 1453 1057 1493; x_wconf 90' lang='lat' dir='ltr'>alii</span> <span class='ocrx_word' id='word_1_163' title='bbox 1079 1487 1088 1505; x_wconf 89' lang='lat'>,</span> <span class='ocrx_word' id='word_1_164' title='bbox 1119 1466 1283 1508; x_wconf 90' lang='lat' dir='ltr'>quorum</span> <span class='ocrx_word' id='word_1_165' title='bbox 1318 1467 1370 1494; x_wconf 86' lang='lat' dir='ltr'>ex</span> <span class='ocrx_word' id='word_1_166' title='bbox 1403 1466 1476 1494; x_wconf 82' lang='lat' dir='ltr'>nu·</span> 
     </span>
     <span class='ocr_line' id='line_1_22' title="bbox 158 1515 1475 1570; baseline 0 -12"><span class='ocrx_word' id='word_1_167' title='bbox 158 1530 270 1558; x_wconf 85' lang='lat' dir='ltr'>mero</span> <span class='ocrx_word' id='word_1_168' title='bbox 303 1518 486 1557; x_wconf 83' lang='lat' dir='ltr'>adducere</span> <span class='ocrx_word' id='word_1_169' title='bbox 519 1516 675 1557; x_wconf 87' lang='lat' dir='ltr'>sufficiat</span> <span class='ocrx_word' id='word_1_170' title='bbox 694 1517 873 1560; x_wconf 82' lang='lat' dir='ltr'>ANDR.</span> <span class='ocrx_word' id='word_1_171' title='bbox 910 1515 1219 1560; x_wconf 81' lang='lat' dir='ltr'>DACERIVM</span> <span class='ocrx_word' id='word_1_172' title='bbox 1240 1550 1251 1570; x_wconf 86' lang='lat'>‚</span> <span class='ocrx_word' id='word_1_173' title='bbox 1285 1517 1475 1559; x_wconf 84' lang='lat' dir='ltr'>Plutarchi</span> 
     </span>
     <span class='ocr_line' id='line_1_23' title="bbox 160 1580 1475 1635; baseline -0.001 -15"><span class='ocrx_word' id='word_1_174' title='bbox 160 1580 400 1621; x_wconf 80' lang='lat' dir='ltr'>nouiilimum</span> <span class='ocrx_word' id='word_1_175' title='bbox 445 1581 696 1634; x_wconf 85' lang='lat' dir='ltr'>interpretem</span> <span class='ocrx_word' id='word_1_176' title='bbox 719 1615 728 1633; x_wconf 86' lang='lat'>,</span> <span class='ocrx_word' id='word_1_177' title='bbox 769 1583 831 1635; x_wconf 89' lang='lat' dir='ltr'>qui</span> <span class='ocrx_word' id='word_1_178' title='bbox 864 1583 901 1621; x_wconf 89' lang='lat' dir='ltr'>in</span> <span class='ocrx_word' id='word_1_179' title='bbox 936 1593 1029 1622; x_wconf 86' lang='lat' dir='ltr'>nota</span> <span class='ocrx_word' id='word_1_180' title='bbox 1073 1588 1145 1623; x_wconf 88' lang='lat'>28.</span> <span class='ocrx_word' id='word_1_181' title='bbox 1181 1582 1238 1622; x_wconf 87' lang='lat' dir='ltr'>isti</span> <span class='ocrx_word' id='word_1_182' title='bbox 1269 1581 1359 1622; x_wconf 92' lang='lat' dir='ltr'>loco</span> <span class='ocrx_word' id='word_1_183' title='bbox 1393 1581 1475 1622; x_wconf 88' lang='lat' dir='ltr'>sub.</span> 
     </span>
     <span class='ocr_line' id='line_1_24' title="bbox 159 1643 1476 1699; baseline 0.001 -15"><span class='ocrx_word' id='word_1_184' title='bbox 159 1645 258 1684; x_wconf 77' lang='lat' dir='ltr'>iec&#39;ta</span> <span class='ocrx_word' id='word_1_185' title='bbox 301 1645 337 1684; x_wconf 85' lang='lat' dir='ltr'>id</span> <span class='ocrx_word' id='word_1_186' title='bbox 381 1643 479 1684; x_wconf 87' lang='lat' dir='ltr'>clare</span> <span class='ocrx_word' id='word_1_187' title='bbox 520 1643 650 1684; x_wconf 83' lang='lat' dir='ltr'>adserit</span> <span class='ocrx_word' id='word_1_188' title='bbox 670 1677 679 1695; x_wconf 87' lang='lat'>,</span> <span class='ocrx_word' id='word_1_189' title='bbox 729 1645 1030 1698; x_wconf 81' lang='lat' dir='ltr'>probationisque</span> <span class='ocrx_word' id='word_1_190' title='bbox 1079 1644 1171 1685; x_wconf 91' lang='lat' dir='ltr'>loco</span> <span class='ocrx_word' id='word_1_191' title='bbox 1213 1654 1398 1699; x_wconf 90' lang='lat' dir='ltr'>prouocat</span> <span class='ocrx_word' id='word_1_192' title='bbox 1429 1645 1476 1685; x_wconf 84' lang='lat' dir='ltr'>ad</span> 
     </span>
     <span class='ocr_line' id='line_1_25' title="bbox 161 1708 1476 1761; baseline 0.001 -13"><span class='ocrx_word' id='word_1_193' title='bbox 161 1708 455 1749; x_wconf 62' lang='lat' dir='ltr'>HOMFRVM</span> <span class='ocrx_word' id='word_1_194' title='bbox 479 1740 489 1758; x_wconf 87' lang='lat'>,</span> <span class='ocrx_word' id='word_1_195' title='bbox 529 1708 627 1760; x_wconf 85' lang='lat' dir='ltr'>apud</span> <span class='ocrx_word' id='word_1_196' title='bbox 675 1721 788 1761; x_wconf 87' lang='lat' dir='ltr'>quem</span> <span class='ocrx_word' id='word_1_197' title='bbox 833 1721 900 1749; x_wconf 87' lang='lat' dir='ltr'>nos</span> <span class='ocrx_word' id='word_1_198' title='bbox 947 1709 1252 1761; x_wconf 82' lang='lat' dir='ltr'>Olympicorum</span> <span class='ocrx_word' id='word_1_199' title='bbox 1297 1708 1476 1749; x_wconf 86' lang='lat' dir='ltr'>ludorum</span> 
     </span>
     <span class='ocr_line' id='line_1_26' title="bbox 162 1771 1474 1826; baseline 0.002 -17"><span class='ocrx_word' id='word_1_200' title='bbox 162 1784 246 1811; x_wconf 75' lang='lat' dir='ltr'>aare</span> <span class='ocrx_word' id='word_1_201' title='bbox 297 1773 491 1811; x_wconf 73' lang='lat' dir='ltr'>institutos</span> <span class='ocrx_word' id='word_1_202' title='bbox 536 1771 746 1825; x_wconf 72' lang='lat' dir='ltr'>Olympiae</span> <span class='ocrx_word' id='word_1_203' title='bbox 813 1773 921 1812; x_wconf 85' lang='lat' dir='ltr'>ludos</span> <span class='ocrx_word' id='word_1_204' title='bbox 970 1773 1094 1812; x_wconf 84' lang='lat' dir='ltr'>ideam</span> <span class='ocrx_word' id='word_1_205' title='bbox 1137 1772 1240 1812; x_wconf 87' lang='lat' dir='ltr'>iubet</span> <span class='ocrx_word' id='word_1_206' title='bbox 1271 1774 1474 1826; x_wconf 86' lang='lat' dir='ltr'>requirere.</span> 
     </span>
     <span class='ocr_line' id='line_1_27' title="bbox 165 1835 1478 1890; baseline 0.002 -16"><span class='ocrx_word' id='word_1_207' title='bbox 165 1835 374 1875; x_wconf 69' lang='lat' dir='ltr'>Fuimuero</span> <span class='ocrx_word' id='word_1_208' title='bbox 414 1835 503 1875; x_wconf 80' lang='lat' dir='ltr'>haec</span> <span class='ocrx_word' id='word_1_209' title='bbox 547 1835 598 1874; x_wconf 83' lang='lat' dir='ltr'>est</span> <span class='ocrx_word' id='word_1_210' title='bbox 619 1868 628 1885; x_wconf 88' lang='lat'>‚</span> <span class='ocrx_word' id='word_1_211' title='bbox 669 1836 696 1876; x_wconf 84' lang='lat' dir='ltr'>si</span> <span class='ocrx_word' id='word_1_212' title='bbox 727 1837 929 1890; x_wconf 85' lang='lat' dir='ltr'>quicquam</span> <span class='ocrx_word' id='word_1_213' title='bbox 962 1836 1056 1876; x_wconf 86' lang='lat' dir='ltr'>aliud</span> <span class='ocrx_word' id='word_1_214' title='bbox 1079 1869 1089 1887; x_wconf 86' lang='lat'>,</span> <span class='ocrx_word' id='word_1_215' title='bbox 1125 1836 1276 1889; x_wconf 78' lang='lat' dir='ltr'>insignis</span> <span class='ocrx_word' id='word_1_216' title='bbox 1307 1835 1478 1878; x_wconf 83' lang='lat' dir='ltr'>confusio</span> 
     </span>
     <span class='ocr_line' id='line_1_28' title="bbox 165 1898 1482 1954; baseline 0.002 -18"><span class='ocrx_word' id='word_1_217' title='bbox 165 1898 340 1936; x_wconf 67' lang='lat' dir='ltr'>ludorum</span> <span class='ocrx_word' id='word_1_218' title='bbox 380 1898 674 1939; x_wconf 80' lang='lat' dir='ltr'>thematicorum</span> <span class='ocrx_word' id='word_1_219' title='bbox 698 1933 708 1950; x_wconf 88' lang='lat'>‚</span> <span class='ocrx_word' id='word_1_220' title='bbox 750 1900 813 1940; x_wconf 83' lang='lat' dir='ltr'>vbi</span> <span class='ocrx_word' id='word_1_221' title='bbox 855 1912 928 1953; x_wconf 87' lang='lat' dir='ltr'>pro</span> <span class='ocrx_word' id='word_1_222' title='bbox 964 1899 1139 1954; x_wconf 83' lang='lat' dir='ltr'>praemio</span> <span class='ocrx_word' id='word_1_223' title='bbox 1182 1900 1364 1939; x_wconf 83' lang='lat' dir='ltr'>lucratiuo</span> <span class='ocrx_word' id='word_1_224' title='bbox 1397 1911 1482 1939; x_wconf 87' lang='lat' dir='ltr'>cer·</span> 
     </span>
     <span class='ocr_line' id='line_1_29' title="bbox 167 1961 1479 2015; baseline 0.002 -16"><span class='ocrx_word' id='word_1_225' title='bbox 167 1961 312 1999; x_wconf 81' lang='lat' dir='ltr'>tabatnr</span> <span class='ocrx_word' id='word_1_226' title='bbox 334 1993 343 2010; x_wconf 76' lang='lat'>,</span> <span class='ocrx_word' id='word_1_227' title='bbox 384 1972 421 2000; x_wconf 89' lang='lat' dir='ltr'>ct</span> <span class='ocrx_word' id='word_1_228' title='bbox 455 1961 645 2001; x_wconf 69' lang='lat' dir='ltr'>sacrorum</span> <span class='ocrx_word' id='word_1_229' title='bbox 689 1964 939 2004; x_wconf 85' lang='lat' dir='ltr'>certaminum</span> <span class='ocrx_word' id='word_1_230' title='bbox 967 1994 975 2012; x_wconf 93' lang='lat'>,</span> <span class='ocrx_word' id='word_1_231' title='bbox 1016 1963 1081 2002; x_wconf 69' lang='lat' dir='ltr'>vbi</span> <span class='ocrx_word' id='word_1_232' title='bbox 1114 1972 1262 2015; x_wconf 84' lang='lat' dir='ltr'>praeter</span> <span class='ocrx_word' id='word_1_233' title='bbox 1295 1974 1479 2002; x_wconf 85' lang='lat' dir='ltr'>coronam</span> 
     </span>
     <span class='ocr_line' id='line_1_30' title="bbox 169 2023 1481 2075; baseline 0.004 -15"><span class='ocrx_word' id='word_1_234' title='bbox 169 2023 308 2062; x_wconf 64' lang='lat' dir='ltr'>xic‘tori</span> <span class='ocrx_word' id='word_1_235' title='bbox 360 2024 561 2075; x_wconf 66' lang='lat' dir='ltr'>gloriosam</span> <span class='ocrx_word' id='word_1_236' title='bbox 616 2025 709 2065; x_wconf 82' lang='lat' dir='ltr'>nihil</span> <span class='ocrx_word' id='word_1_237' title='bbox 762 2027 993 2067; x_wconf 85' lang='lat' dir='ltr'>tribuebatur</span> <span class='ocrx_word' id='word_1_238' title='bbox 1034 2026 1072 2065; x_wconf 90' lang='lat' dir='ltr'>in</span> <span class='ocrx_word' id='word_1_239' title='bbox 1120 2025 1208 2065; x_wconf 88' lang='lat' dir='ltr'>loco</span> <span class='ocrx_word' id='word_1_240' title='bbox 1250 2024 1481 2065; x_wconf 80' lang='lat' dir='ltr'>certaminis.</span> 
     </span>
     <span class='ocr_line' id='line_1_31' title="bbox 170 2085 1482 2143; baseline -0.001 -16"><span class='ocrx_word' id='word_1_241' title='bbox 170 2087 238 2127; x_wconf 78' lang='lat' dir='ltr'>Illa</span> <span class='ocrx_word' id='word_1_242' title='bbox 272 2096 396 2125; x_wconf 76' lang='lat' dir='ltr'>autem</span> <span class='ocrx_word' id='word_1_243' title='bbox 434 2098 513 2126; x_wconf 83' lang='lat' dir='ltr'>non</span> <span class='ocrx_word' id='word_1_244' title='bbox 545 2087 610 2126; x_wconf 77' lang='lat' dir='ltr'>nisi</span> <span class='ocrx_word' id='word_1_245' title='bbox 642 2090 708 2128; x_wconf 78' lang='lat' dir='ltr'>vni</span> <span class='ocrx_word' id='word_1_246' title='bbox 740 2090 922 2141; x_wconf 80' lang='lat' dir='ltr'>dabatur,</span> <span class='ocrx_word' id='word_1_247' title='bbox 956 2092 1016 2143; x_wconf 87' lang='lat' dir='ltr'>qni</span> <span class='ocrx_word' id='word_1_248' title='bbox 1052 2089 1251 2143; x_wconf 83' lang='lat' dir='ltr'>conspicue</span> <span class='ocrx_word' id='word_1_249' title='bbox 1286 2085 1482 2141; x_wconf 76' lang='lat' dir='ltr'>superasset</span> 
     </span>
    </p>

    <p class='ocr_par' dir='ltr' id='par_1_4' title="bbox 732 2151 1483 2205">
     <span class='ocr_line' id='line_1_32' title="bbox 732 2151 1483 2205; baseline -0.005 -13"><span class='ocrx_word' id='word_1_250' title='bbox 732 2151 769 2192; x_wconf 90' lang='lat' dir='ltr'>G</span> <span class='ocrx_word' id='word_1_251' title='bbox 791 2165 816 2205; x_wconf 83' lang='lat' dir='ltr'>g</span> <span class='ocrx_word' id='word_1_252' title='bbox 834 2164 859 2205; x_wconf 86' lang='lat' dir='ltr'>g</span> <span class='ocrx_word' id='word_1_253' title='bbox 879 2165 902 2190; x_wconf 84' lang='lat'>2</span> <span class='ocrx_word' id='word_1_254' title='bbox 1350 2162 1483 2191; x_wconf 71' lang='lat' dir='ltr'>omnc5</span> 
     </span>
    </p>
   </div>
  </div>
 </body>
</html>
