2044 2735
520 122 614 164 422
773 112 854 154 DE
894 107 1215 153 ALCIBIADE
1253 109 1609 154 CERTAMINIS

520 230 723 282 rigantium
758 229 1012 283 exemplum:
1049 228 1116 268 vbi
1147 240 1226 269 uon
1261 229 1327 270 nisi
1361 239 1522 283 quatuor
1557 228 1665 269 simul
1706 242 1830 270 currus

519 294 799 335 emittebantur.

638 357 724 398 Iam
756 359 786 397 is
806 389 816 407 ,
849 356 913 410 qui
940 365 1079 410 aperte
1110 356 1264 396 tandem
1300 355 1536 410 superauerat
1569 369 1703 396 omnes
1723 389 1733 407 ,
1770 358 1833 396 vi-

520 419 606 460 etor
638 434 732 461 vnus
761 420 1045 461 declarabatur:
1079 421 1143 472 qui
1178 420 1334 460 vltimus
1364 434 1453 460 cum
1483 420 1630 459 victore
1665 431 1833 459 certaue-

517 494 606 535 rat,
639 485 812 525 secundus
846 484 891 524 ab
923 496 974 523 eo
1008 483 1209 523 habebatur
1228 515 1238 532 ‚
1273 485 1403 524 tertius
1436 494 1566 524 autem
1603 493 1641 523 et
1669 494 1832 536 quartus,

520 548 612 600 qui,
652 549 785 588 ceteris
826 548 901 588 ium
952 546 1129 587 omnibus
1168 547 1345 600 superatis
1384 548 1487 600 spem
1531 548 1704 586 victoriae
1741 548 1833 586 reti-

520 620 654 651 nuerat
673 645 684 664 ,
717 624 835 665 vsque
870 611 959 650 dum
994 622 1046 649 ex
1079 610 1208 650 multis
1238 620 1383 650 tautum
1418 620 1577 663 quatuor
1596 609 1833 662 stiperess'cnt,

521 675 585 726 qui
622 675 744 714 secum
777 675 825 714 de
861 674 1023 714 vietoria
1055 685 1220 726 pugnare
1255 675 1470 726 debebzmt3
1505 675 1606 727 quod
1642 673 1833 713 vltimaet

517 738 731 778 decretoria
764 737 982 778 decursione
1013 735 1139 776 fiebat.

636 799 677 842 Si
707 802 847 854 igitur,
878 813 931 841 ex
963 799 1204 851 Thucydidis
1246 801 1457 840 nai-uitione
1477 833 1487 850 ,
1523 800 1739 840 Alcibiades
1770 801 1834 839 vi-

519 861 573 903 cit
595 896 607 915 ,
649 874 690 905 et
744 864 919 905 secundus
968 877 1010 906 ac
1058 873 1208 917 quartus
1247 864 1345 914 fuit,
1378 861 1623 904 necessarium
1664 864 1717 903 est
1750 873 1833 903 tan-

519 926 610 966 dem
631 959 642 978 ,
690 927 757 968 vbi
802 940 982 968 numerus
1028 940 1207 967 curruum
1255 928 1301 967 ad
1343 937 1501 980 quatuor
1551 927 1720 966 redactus
1748 925 1829 977 fuit,

517 991 686 1043 primum
725 991 925 1031 secundum
968 1000 1006 1030 et
1046 999 1220 1044 quartum
1270 1003 1422 1030 currum
1464 990 1669 1030 Alcibiadis
1710 988 1832 1042 fuiffe,

519 1065 641 1093 vuum
682 1065 809 1094 autem
851 1054 1006 1094 tertium
1045 1053 1254 1093 Alcibiadis
1291 1066 1370 1093 non
1411 1053 1530 1093 fuisse.
1597 1053 1723 1093 Etiam
1756 1053 1832 1092 hoc

519 1127 652 1169 aperte
684 1117 888 1169 colligitur,
923 1117 986 1157 illa
1026 1116 1162 1156 eadem
1205 1117 1468 1170 Olympiade,
1502 1130 1574 1170 qua
1618 1115 1834 1156 Alcibiades

516 1180 647 1220 vietor
679 1180 834 1220 disceffit
854 1213 864 1232 ,
898 1181 1107 1227 minimum
1144 1179 1247 1220 fuiffe
1289 1193 1419 1219 currus
1459 1178 1645 1229 sedecim,
1677 1180 1741 1231 qui
1774 1180 1829 1218 vi-

514 1242 660 1284 c‘toriae
691 1242 813 1284 cauffa
844 1244 1138 1283 decertauerunt.
1201 1242 1339 1296 Neque
1370 1242 1567 1283 obscurum
1600 1240 1676 1281 effe
1710 1242 1834 1295 potest

517 1305 602 1347 fieri
635 1309 796 1348 omnino
838 1319 917 1346 non
958 1305 1150 1360 putuiffe,
1185 1318 1230 1347 vt
1271 1306 1490 1347 Alcibiades
1529 1307 1610 1346 illas
1642 1315 1716 1345 tres
1750 1306 1831 1358 pal-

518 1382 602 1410 mas
642 1384 711 1424 per
758 1370 792 1410 se
830 1381 1072 1411 mereretur:
1121 1384 1237 1424 quum
1280 1371 1318 1410 in
1359 1371 1497 1410 vltima
1539 1368 1710 1410 miffione
1755 1378 1832 1409 tres

518 1434 680 1474 omnino
712 1447 840 1474 currus
873 1434 983 1488 ipsius
1013 1431 1145 1486 essent,
1165 1447 1327 1488 quorum
1359 1434 1526 1475 nonnisi
1546 1430 1833 1489 x·1iitisv‘,vi0><o;

519 1496 594 1537 esse
627 1508 786 1550 poterat.

634 1561 766 1615 Atque
808 1562 904 1602 adeo
944 1562 1047 1602 locus
1086 1561 1151 1602 ille
1198 1563 1365 1604 minime
1413 1562 1549 1615 probat
1589 1561 1832 1601 Alcibiadem

521 1624 590 1664 tria
625 1627 786 1678 praemia
812 1623 916 1666 fuisse
944 1626 1232 1679 consequutum.
1302 1626 1475 1665 Vnicum
1496 1658 1506 1676 ,
1541 1624 1677 1665 scilicet
1710 1623 1833 1671 νίκην,

518 1686 681 1739 gloriam
716 1689 888 1728 vidioriae
908 1721 919 1739 ,
953 1698 992 1728 et
1023 1702 1229 1740 coronam,
1270 1690 1443 1729 victoria:
1483 1689 1620 1739 insigne
1641 1719 1651 1736 ,
1693 1688 1830 1727 meruit

518 1759 556 1789 et
596 1751 838 1804 consequutus
868 1752 920 1790 est
940 1784 949 1801 ‚
983 1751 1163 1804 siquidem
1198 1764 1279 1791 vno
1309 1761 1456 1790 tautum
1491 1750 1625 1790 curulis
1651 1751 1835 1790 certami-

518 1813 574 1854 nis
605 1826 742 1866 genere
774 1824 953 1867 expertus
984 1815 1065 1855 fuit.
1136 1813 1209 1854 Sed
1251 1815 1294 1854 ad
1331 1814 1582 1867 put-stantiam
1628 1825 1831 1866 equorum,

518 1878 716 1930 omnisque
765 1888 962 1931 apparatus
1011 1879 1178 1928 cumlis,
1221 1877 1428 1918 referebant
1478 1877 1681 1926 homiues,
1726 1877 1829 1929 quod

520 1950 656 1994 proeter
688 1941 796 1981 illum
829 1954 1003 1993 currum⁷
1028 1942 1089 1995 qui
1112 1942 1313 1982 victoriam
1350 1941 1553 1994 reportaiuit
1578 1973 1587 1991 ,
1617 1940 1711 1979 alter
1743 1953 1829 1993 pro-

519 2007 658 2055 xime,
691 2007 818 2045 tertius
851 2017 929 2044 non
974 2005 1088 2058 louge
1129 2006 1175 2045 ab
1216 2018 1258 2045 ea
1302 2004 1455 2044 abiiieiit
1538 2003 1600 2043 Sic
1635 2005 1731 2044 olim
1767 2004 1831 2043 :id-

522 2069 716 2109 mimtioni
760 2069 855 2120 fuit,
892 2069 993 2122 quod
1036 2070 1074 2108 in
1118 2082 1192 2109 vna
1233 2069 1468 2122 Olympiade
1508 2069 1650 2122 septem
1686 2066 1829 2106 Croto-

1689 2131 1830 2170 nienses
