2044 2735
306 124 548 169 FRJ'JIOE
583 123 800 167 lll'MlLl
838 119 1033 165 FLORE
1068 118 1355 164 PVLCHRO.
1429 131 1504 168 ιρι

304 245 473 295 Primis,
507 242 671 297 Lapathi
713 252 853 294 nempe
894 239 1099 280 Orientali<
1119 272 1128 290 ,
1159 238 1299 278 fruticis
1334 237 1513 286 humilis]

186 308 281 349 flore
317 308 478 363 pulchro
514 321 584 347 ncc
618 307 725 357 icon,
769 318 836 345 uec
871 303 1074 357 descriptio
1115 303 1214 356 apud
1234 303 1286 341 rei
1320 302 1512 342 herbariae

182 372 509 426 sti·iptores,quod
529 373 656 423 iciam,
678 370 876 423 reperitur.
892 369 1018 424 Quare
1032 379 1175 420 operae
1194 367 1362 419 pretium
1384 367 1509 406 existi-

177 438 284 477 maui
331 438 435 477 illam
489 448 619 476 coram
679 433 894 474 Academia
947 431 1198 484 praelegere,
1248 442 1366 482 quam
1410 443 1511 469 anno

179 503 391 554 praeterito
437 501 474 540 iu
507 500 624 539 horto
669 496 912 538 Academico
954 506 1007 532 ex
1040 493 1168 546 planta
1202 492 1289 531 viua
1311 525 1321 544 ,
1354 493 1510 545 pulchre

178 564 335 604 florenti
369 573 409 603 et
441 563 585 603 semina
617 561 781 611 serenti,
817 567 984 599 accurata
1019 558 1129 596 icone
1165 555 1398 608 illustratam,
1420 569 1511 596 con«

186 628 298 668 stitui.

299 689 499 732 Excrescit
550 701 695 742 nempe
748 687 898 740 elegans
947 685 1012 726 hic
1054 685 1184 726 stutex
1224 686 1264 725 in
1297 684 1508 725 cubitalem

176 755 261 808 plus
295 756 420 795 minus
452 754 695 794 altitudinem
722 785 731 803 ,
772 763 874 791 mox
914 763 935 790 a
971 749 1096 789 radice
1139 749 1308 803 pluribus
1337 750 1512 790 tenuibus

177 828 218 858 et
253 818 403 873 lignosis
446 819 564 858 ramis
606 816 824 870 praeditus,
866 815 964 854 intus
1002 812 1100 853 laete
1145 813 1356 864 viridibus,
1397 823 1511 853 extus

170 883 348 923 albic-anti
389 882 454 922 vel
495 881 692 921 subincauo
733 878 963 919 subtilissimo
1003 877 1146 917 cortice
1182 876 1355 918 obductis
1375 907 1387 929 ,
1421 889 1509 930 qua-

174 945 397 999 quaueriiim
443 946 546 986 nullo
589 944 852 985 determinato
891 942 1027 982 ordine
1066 940 1249 996 dispositis
1274 974 1285 995 ,
1324 952 1507 996 procum‘

176 1010 350 1051 bentibus
392 1019 437 1049 vt
471 1010 682 1063 plurimum
722 1018 764 1048 et
798 1005 986 1047 tortuosis.

295 1074 361 1115 Ex
397 1073 456 1113 his
492 1073 624 1127 primo
657 1072 762 1112 Vere
797 1071 1015 1111 enascuntur
1057 1069 1146 1110 folia
1178 1069 1398 1111 alternatim
1434 1081 1508 1124 po-

174 1139 239 1180 sita
261 1170 271 1188 ,
304 1138 481 1191 vtrinque
514 1147 648 1188 acuta,
683 1136 945 1190 magnitudine
966 1168 976 1186 ,
1008 1134 1155 1186 forma,
1189 1134 1322 1175 colore
1354 1143 1396 1174 et
1414 1146 1507 1174 con-

174 1202 336 1242 sistentia
379 1203 425 1242 ad
461 1201 647 1254 Polygoni
686 1201 859 1254 oblongo
904 1198 1063 1252 angusto
1104 1197 1198 1238 folio
1232 1195 1344 1252 Casp.
1380 1195 1503 1238 Bauli.

172 1266 255 1306 Pin.
292 1278 409 1319 quam
444 1266 629 1319 proxime
660 1264 899 1316 accedentia,
918 1262 984 1303 nisi
1020 1261 1124 1317 quod
1158 1262 1336 1315 rigidiora
1366 1261 1438 1303 siut
1463 1271 1505 1301 et

172 1330 340 1371 acutiora
363 1361 374 1380 ‚
417 1329 647 1382 marginibus
687 1327 838 1368 subinde
880 1339 1015 1381 parum
1048 1326 1217 1366 reflexis.

294 1393 408 1434 Iunio
439 1393 614 1447 Iulioque
647 1392 837 1433 mensibus
878 1393 916 1431 in
952 1390 1022 1431 hac
1053 1390 1212 1444 regione
1245 1402 1267 1429 e
1298 1400 1502 1431 ramorum

172 1457 457 1498 summitatibus
489 1470 559 1497 nec
593 1469 672 1497 non
706 1467 746 1496 et
781 1457 963 1496 foliorum
1004 1455 1073 1494 alis
1105 1454 1222 1494 flores
1257 1454 1432 1495 oriuntur
1464 1454 1503 1495 in

170 1521 287 1574 spicas
328 1531 462 1561 tenues
499 1520 698 1574 dispositi,
738 1520 906 1561 vnciales
957 1529 1021 1559 aut
1068 1518 1286 1558 biunciales.
1355 1516 1504 1571 Singuli

174 1585 309 1636 flores,
352 1585 498 1638 petiolis
531 1586 713 1625 trientem
749 1584 835 1639 plus
868 1583 996 1623 minus
1030 1582 1179 1636 pollicis
1212 1582 1336 1635 longis
1369 1591 1410 1622 et
1442 1582 1498 1622 di-

169 1649 248 1689 lute
294 1649 516 1689 rubentibus
554 1649 775 1698 sustentati,
817 1660 871 1688 ex
907 1646 1000 1686 οᾶο
1034 1645 1208 1686 constant
1247 1645 1500 1698 staminibus,

169 1713 280 1753 valde
316 1713 512 1766 gracilibus
531 1746 541 1765 ,
574 1712 817 1753 albicantibus
837 1744 848 1762 ,
882 1711 1008 1765 apices
1041 1709 1287 1750 subrotundos
1306 1742 1316 1762 ,
1351 1721 1500 1764 parum,

170 1777 334 1816 luteolos
384 1776 629 1830 gerentibus,
677 1786 718 1816 et
755 1774 894 1830 pistillo
946 1773 1167 1814 staminibus
1216 1773 1381 1813 dimidio
1422 1772 1502 1813 fere

172 1840 337 1880 breuiori
363 1871 373 1890 ‚
415 1841 557 1880 albenti
598 1841 766 1892 itidem⁷
808 1840 911 1879 cuius
953 1850 1058 1892 apex
1100 1838 1138 1877 in
1171 1837 1241 1877 tria
1284 1837 1501 1891 corpuscula

168 1902 326 1958 globosa
358 1904 419 1943 seu
454 1904 627 1956 stigmata
680 1904 760 1947 alba
798 1903 1044 1943 terminatur.
1112 1901 1197 1942 Hae
1239 1901 1342 1942 floris
1376 1911 1501 1954 partes

171 1966 289 2008 calice
322 1968 562 2007 continentur
594 1969 633 2008 in
666 1969 828 2022 quinque
869 1966 1064 2020 segmenta
1096 1963 1307 2018 inaequalia
1341 1964 1418 2004 fere
1453 1965 1499 2005 ad

172 2031 270 2070 insin
311 2030 425 2083 Vsque
467 2032 623 2070 dissecto
644 2064 654 2083 ‚
697 2043 860 2086 quorum
904 2030 978 2071 tria
1022 2030 1201 2070 interiora
1245 2027 1500 2068 exterioribus

171 2095 318 2133 diobus
349 2093 463 2146 triplo
505 2094 550 2135 ad
583 2096 710 2136 minus
743 2095 823 2135 sunt
864 2096 1027 2135 maiora.
1061 2091 1273 2145 Segmenta
1304 2091 1398 2131 hacc
1427 2092 1500 2131 ini-

231 2158 333 2199 Tm
375 2156 507 2200 Xffl.
819 2157 856 2198 E
875 2169 895 2196 e
915 2169 937 2196 e
1436 2155 1494 2195 tio
