2044 2735
480 94 802 140 CORPORVM
836 95 1235 142 FLEXIBILIVM
1449 111 1534 151 ¹4³

231 216 478 269 petiturque,
512 214 538 254 sl
573 215 708 269 singula
742 217 915 269 corporis
945 216 1133 257 elementa
1167 230 1238 271 per
1271 218 1448 272 quadrata
1483 219 1541 260 di-

232 280 446 319 stanti-mun
490 279 633 319 iliarum
676 280 725 319 ab
766 281 841 319 hoc
875 292 947 319 axe
988 281 1322 334 multiplicentur,
1353 293 1465 337 atque
1498 296 1539 324 o-

234 346 337 383 mnia
392 344 575 396 produc‘ia
627 344 668 382 in
711 356 828 383 vnam
880 342 1065 382 summam
1117 347 1383 385 coniiciuntur.
1451 347 1545 402 Quo

232 406 333 446 Ειᾶι)
365 408 521 447 ducatur
561 420 629 460 per
668 420 838 447 centrum
880 407 1072 459 grauitatis
1104 409 1276 461 corporis
1310 408 1349 450 G
1386 410 1543 463 planum

231 471 276 510 ad
311 483 425 509 axem
467 472 506 511 O
548 471 722 509 normale
742 503 753 522 ‚
793 482 904 524 atque
936 471 976 508 in
1010 471 1110 510 resta
1151 471 1231 513 OG
1263 472 1425 513 sumatur
1459 474 1497 517 G
1517 472 1545 515 S

233 557 286 584 z
330 527 379 596 gg
401 556 455 582 Ξ
475 528 525 594 ¹⁷}
558 541 609 580 ob
642 539 721 582 OG
741 554 795 582 z
814 554 872 595 (13
907 544 946 582 in
980 541 1128 596 punsto
1160 541 1189 582 S
1222 545 1414 597 applicata
1446 557 1543 585 con-

234 619 390 670 cipiatur
412 618 467 655 vis
485 615 603 656 Sp:
623 602 675 671 (ᾖξ’
705 614 744 653 in
763 613 976 653 directione
1001 612 1066 653 SP
1097 613 1142 653 acl
1176 612 1247 654 OS
1282 614 1319 654 in
1354 615 1471 667 plano
1503 615 1544 655 Ο

232 678 308 721 BD
343 680 538 730 normali,
569 678 713 731 eritque
747 676 842 717 haec
884 678 944 716 vis
974 677 1039 716 illa
1073 675 1178 730 ipsa,
1219 691 1313 731 quae
1344 679 1546 731 requiritur

233 745 279 785 ad
321 754 474 784 motum
524 742 625 782 hunc
675 741 945 781 oscillatorinm
987 742 1293 795 producendum.
1362 740 1546 783 Ceterum

231 818 363 863 patet,
397 807 423 848 si
456 807 537 846 axis
569 805 609 846 Ο
642 805 791 845 infinite
822 805 930 845 distet
950 838 963 857 ,
1000 806 1054 845 ita
1086 816 1131 846 vt
1163 816 1306 859 corpus
1336 816 1449 846 motu
1481 806 1548 847 fibi

231 871 414 926 parallelo
453 870 587 910 feratur
606 902 616 921 ,
660 879 745 909 turn
786 869 973 922 puncstum
1015 867 1043 909 S
1078 870 1118 908 in
1149 879 1325 909 centrum
1355 869 1553 923 grauitatis

232 935 271 978 G
304 935 469 975 incidere
504 932 557 974 ob
589 945 690 973 a:
709 948 789 984 00,
823 932 975 986 prorsus
1005 934 1064 973 vti
1096 942 1186 972 ante
1217 933 1448 975 inuenimus.

351 1000 383 1048 §.
409 1011 430 1036 2
440 1011 479 1050 ς.
519 996 723 1051 Proposito
762 995 877 1049 igitur
914 1008 1080 1050 corpore
1119 1008 1350 1051 quocunque
1391 996 1517 1051 rigido
1537 1028 1553 1051 ,

232 1063 337 1117 quod
387 1075 409 1103 a
452 1062 633 1116 potentiis
672 1059 915 1101 sollicitatum
954 1059 1209 1100 oscillationes
1247 1070 1430 1114 peragat,
1473 1061 1554 1102 eius

233 1138 365 1168 motus
396 1125 643 1167 oscillatorius
673 1123 842 1177 sequenti
883 1124 1010 1164 modo
1049 1124 1380 1165 determinabitur.
1430 1123 1552 1166 Affu-

234 1200 360 1231 matur
400 1200 577 1242 tanqu-am
620 1187 777 1239 cognita
818 1186 1021 1240 longitudo
1064 1187 1222 1240 penduli
1262 1186 1446 1242 simplicis
1474 1188 1548 1230 iso-

234 1253 414 1308 clironis
429 1284 440 1304 ‚
467 1264 511 1291 ac
531 1251 747 1304 dispiciatur
766 1261 935 1303 quonam
954 1249 1080 1290 modo
1096 1262 1236 1304 corpus
1262 1252 1363 1291 inter
1378 1250 1551 1292 oscillan-

234 1318 324 1357 dum
345 1330 365 1356 a
385 1317 474 1356 statu
494 1316 562 1355 sno
577 1315 713 1368 quietis
730 1314 978 1366 digrediatur,
1004 1323 1134 1353 vtrum
1155 1324 1267 1354 motu
1286 1315 1349 1355 fibi
1370 1315 1551 1367 parallelo

234 1394 280 1421 an
303 1389 411 1421 motu
448 1379 612 1432 angulari
645 1378 743 1417 circa
758 1389 874 1417 axem
909 1378 1127 1431 quempiam
1157 1376 1298 1419 fixum,
1359 1378 1467 1418 Turn
1497 1381 1555 1419 se·

235 1445 400 1486 cundum
447 1452 651 1496 praecepta
687 1453 764 1494 pro
804 1451 966 1494 Vtroque
1005 1439 1089 1480 casu
1130 1441 1217 1482 data
1257 1451 1457 1495 quaeratur
1490 1443 1553 1484 vis

234 1510 384 1550 motrix
430 1507 476 1546 ad
514 1506 615 1546 hunc
657 1515 813 1545 motum
853 1503 1130 1544 oscillatorium
1163 1504 1457 1558 producendum
1488 1519 1546 1547 re-

233 1571 374 1625 quisita.
442 1568 625 1623 Denique
664 1568 759 1608 haec
787 1568 846 1607 vis
877 1568 963 1621 quia
993 1567 1047 1607 ob
1067 1568 1104 1624 f
1128 1569 1364 1620 incognitam
1401 1569 1454 1610 est
1486 1570 1550 1610 in-

233 1635 482 1676 determinata
513 1632 750 1687 aequiualens
781 1631 957 1671 reddatur
990 1632 1133 1672 viribus
1163 1644 1302 1685 corpus
1332 1631 1417 1672 astu
1449 1633 1547 1674 solli-

235 1698 461 1749 citantibuS,
504 1697 671 1750 hincque
709 1694 874 1736 nascetur
915 1697 1088 1748 aequatio
1132 1696 1418 1748 longitudinem
1454 1709 1552 1751 pen-

236 1763 312 1803 duli
356 1761 533 1815 simplicis
573 1759 768 1800 isochroni
796 1759 835 1816 s
867 1759 1139 1800 determinans,
1203 1759 1277 1799 Ista
1318 1769 1448 1801 autem
1488 1773 1548 1802 ae-

235 1826 459 1879 quiualentia
499 1824 722 1876 obtinetur,
764 1823 793 1864 si
823 1823 863 1862 in
896 1822 1027 1863 locum
1069 1825 1129 1863 vis
1159 1823 1334 1864 motricis
1372 1824 1551 1866 inuentae

237 1889 424 1941 applicata
464 1889 702 1942 concipiatur
738 1888 800 1927 vis
836 1886 905 1941 ipfi
947 1887 1113 1940 aequalis
1141 1896 1181 1927 et
1214 1888 1434 1940 contraria,
1464 1898 1551 1930 tum

238 1953 340 1990 enirn
372 1950 466 1991 haec
507 1954 565 1992 vis
597 1964 685 1991 cum
727 1951 866 1991 viribus
903 1962 1041 2004 corpus
1073 1950 1162 1992 astu
1193 1949 1477 1992 sollicitantibus
1509 1953 1551 1992 in

239 2013 461 2070 aequilibrio
508 2015 707 2058 consistere
751 2015 882 2058 debet.
944 2014 1108 2073 Qloties
1165 2027 1335 2070 namque
1382 2027 1462 2057 vna
1493 2015 1555 2055 νίς

1469 2078 1557 2120 aliis
