2044 2735
539 131 626 167 118
765 120 846 162 DE
880 113 1338 163 VIBRATIONIBVS
1374 117 1451 162 ET
1486 117 1641 163 SONO

538 238 672 278 sonum
707 234 745 273 in
780 232 961 285 cymbalo
996 231 1220 285 exploratu,
1253 229 1392 285 hicque
1426 243 1553 272 reuera
1581 230 1649 272 suit
1668 231 1775 274 sonus
1793 230 1845 275 G.

657 298 691 346 ξ.
731 299 795 335 16.
836 297 921 337 1²2st
956 295 1030 335 hoc
1065 306 1380 348 experimentum
1418 294 1694 335 fundamentale
1736 308 1857 337 tenta-

540 375 582 402 re
618 374 737 415 porro
776 361 882 400 volui
917 373 964 400 an
999 360 1270 412 experimenta
1312 371 1463 412 quoque
1498 358 1769 399 confirmatura
1805 358 1856 400 es-

538 427 619 466 sent
656 425 852 465 theorema
885 424 1055 463 nostrum
1078 455 1088 473 ,
1120 422 1213 475 quod
1230 421 1313 478 soni
1332 422 1410 477 st¹²t
1443 427 1481 462 z'n
1522 425 1663 463 ratione
1702 425 1861 478 recipro-

537 502 590 533 ca
622 487 809 542 duplicata
843 499 934 528 acus
966 486 1216 539 longitudinum
1253 485 1287 533 ξ.
1315 498 1362 523 11
1388 485 1618 539 indicatum3
1658 499 1726 527 nec
1746 499 1860 526 euen-

544 562 604 595 tus
637 551 952 604 expectationem
984 548 1140 589 fefellit:
1178 550 1229 588 ita
1248 548 1299 587 V.
1339 562 1392 601 gr.
1432 561 1523 587 cum
1568 562 1652 589 acus
1694 550 1863 590 eiusdem

546 624 731 669 quantum
767 613 1010 668 prominebat
1046 612 1245 665 longitudo
1278 612 1415 665 prioris
1447 610 1540 652 esset
1567 613 1736 663 dimidia,
1757 625 1866 652 nem·

547 692 599 733 pe
639 684 751 728 1483
784 686 880 730 part.
915 675 993 716 soni
1027 676 1164 729 prioris
1198 675 1345 715 obtinui
1379 675 1556 715 octauam
1594 675 1787 728 duplicem
1808 678 1866 715 seu

546 740 815 794 disdiapas0n3
850 739 1099 791 oetauamque
1143 738 1357 791 simplicem
1409 738 1484 778 siue
1525 738 1703 792 diapaiou
1754 739 1867 779 habui

550 817 640 845 cum
674 817 760 844 acus
790 802 991 856 longitudo
1024 800 1116 842 effct
1152 813 1239 840 210
1277 811 1373 855 part.
1440 802 1539 842 Huic
1559 802 1631 854 legi
1652 804 1766 842 etiam
1787 803 1869 842 sub-

552 868 679 910 iicitur
711 867 1006 908 instrumentum
1040 864 1143 918 quod
1176 863 1296 907 Gallis
1329 865 1464 904 dicitur
1497 865 1650 905 carillon
1683 878 1801 918 quum
1829 865 1869 905 id

551 930 757 971 conficitur
791 942 843 969 ex
875 929 1114 982 prisnmtibns
1147 928 1338 979 chalybeis
1373 927 1444 967 sola
1487 928 1724 981 longitndine
1770 941 1789 967 a
1833 927 1868 967 se

557 995 725 1035 inuicem
759 992 1073 1045 discrepantibus,
1106 992 1226 1044 qualia
1262 991 1474 1044 horologiis
1508 991 1724 1032 domesticis
1752 1003 1866 1045 quan-

559 1058 685 1111 doque
707 1056 960 1110 applicantur,
979 1055 1147 1108 quamuis
1165 1054 1381 1095 huiusmodi
1418 1055 1596 1107 prismata
1641 1056 1870 1095 vibrationes

557 1120 635 1161 suas
654 1121 832 1161 minimas
864 1130 943 1158 non
963 1118 1100 1157 eodem
1121 1117 1242 1157 modo
1263 1116 1479 1170 perficiant,
1515 1118 1657 1171 quippe
1686 1131 1763 1158 non
1784 1130 1871 1157 mu-

559 1196 608 1227 ro
628 1183 761 1223 inifixa
779 1181 838 1222 sed
857 1181 987 1233 libent,
1007 1179 1184 1220 constitui
1204 1190 1328 1220 autem
1348 1179 1423 1220 hoc
1443 1180 1601 1220 alterum
1614 1182 1873 1221 vibrationnm

562 1258 680 1300 genus
720 1246 790 1285 alia
838 1243 1036 1284 occasione
1075 1244 1282 1297 prosequi,
1323 1255 1344 1282 a
1386 1243 1518 1296 quibus
1560 1244 1875 1297 disquisitionibus

563 1321 649 1353 rem
683 1308 884 1350 acusticam
918 1319 997 1347 non
1032 1319 1169 1359 parum
1207 1304 1341 1360 perfici
1374 1304 1482 1359 pofl'e
1515 1306 1756 1347 crediderim.

681 1373 717 1420 ξ.
755 1382 821 1420 17.
858 1370 1072 1411 Redeamus
1104 1382 1201 1409 nunc
1232 1369 1334 1409 vnde
1366 1369 1513 1422 digress'i
1534 1369 1668 1410 sumus.
1736 1370 1877 1424 Expo-

563 1436 616 1478 sui
650 1436 689 1475 in
724 1434 801 1474 fine
836 1433 857 1481 ξ
892 1443 934 1481 7.
969 1433 1234 1485 aequationem
1270 1444 1337 1484 per
1368 1431 1501 1472 seriem
1522 1464 1532 1484 ‚
1567 1434 1668 1472 cuius
1703 1445 1779 1486 ope
1813 1433 1877 1473 de·

567 1504 765 1547 terminari
799 1500 911 1555 poffit
944 1501 1054 1542 valor
1084 1503 1239 1542 rationis
1273 1489 1302 1559 3¹-
1323 1535 1334 1553 ,
1377 1502 1562 1555 aliamque
1603 1504 1689 1543 dedi
1739 1515 1875 1555 aequa-

569 1567 716 1610 tionem
747 1567 872 1606 eidem
906 1563 973 1604 fini
1006 1565 1270 1605 inseruientem
1306 1566 1344 1604 in
1379 1563 1455 1605 fine
1495 1566 1529 1613 ξ.
1581 1578 1649 1606 10.
1695 1576 1732 1605 et
1774 1577 1878 1606 xtra-

570 1650 645 1692 que
676 1637 888 1677 inuenimus
921 1623 951 1695 3¹
971 1632 1083 1675 :V
1108 1641 1121 1682 ζ
1156 1649 1265 1689 quam
1298 1637 1491 1689 proxime.
1566 1637 1712 1676 Verum
1756 1637 1781 1677 si
1825 1648 1874 1677 at-

573 1701 715 1743 tentius
748 1699 1024 1753 perpendamus
1057 1699 1250 1753 Vtriusque
1283 1700 1514 1753 aequ-ationis
1547 1700 1719 1740 indolem
1738 1733 1748 1751 ,
1790 1699 1880 1740 faci·

571 1773 609 1815 le
638 1770 890 1823 intelligemus
922 1768 1091 1809 infinitos
1122 1770 1214 1809 alios
1249 1771 1397 1810 unm-cs
1429 1770 1623 1823 quantitati
1661 1759 1690 1830 ᾗ
1725 1770 1877 1823 affigun-

573 1836 605 1881 ri
643 1831 749 1888 posse
769 1866 779 1884 ,
814 1834 877 1886 qui
911 1845 1043 1873 omnes
1076 1833 1361 1886 aequationibus
1394 1833 1429 1880 §.
1452 1834 1483 1882 §.
1506 1844 1547 1881 7.
1571 1843 1608 1872 et
1634 1846 1697 1873 ιο.
1733 1847 1878 1874 accura-

576 1909 613 1938 te
647 1896 864 1936 larissaei-ant
886 1929 895 1947 ,
929 1897 999 1935 hae
1031 1896 1183 1949 quidem
1228 1897 1365 1936 radices
1406 1909 1481 1935 non
1519 1894 1670 1950 polsnnt
1706 1898 1770 1937 nisi
1805 1908 1878 1937 tae-

576 1960 780 2002 diosnl'imo
814 1961 941 2000 labore
975 1960 1011 1998 in
1047 1961 1270 2012 aequatione
1305 1960 1337 2007 §.
1377 1972 1416 2007 7.
1464 1960 1664 2013 nequidem
1706 1974 1774 2014 per
1814 1974 1863 2014 ap

581 2024 886 2082 proximationes
921 2022 1098 2074 definiri,
1133 2033 1168 2062 at
1201 2035 1275 2076 ope
1309 2024 1456 2062 alterius
1488 2025 1715 2077 aequationis
1751 2025 1783 2072 ξ.
1828 2037 1879 2063 10

580 2088 749 2145 quamuis
780 2100 859 2130 non
894 2086 960 2128 ulfi
995 2086 1114 2128 forma
1147 2099 1168 2126 a
1202 2087 1322 2142 priori
1360 2086 1550 2140 dinei-nc,
1595 2090 1776 2142 proxime
1818 2088 1882 2126 dc-

1753 2161 1881 2191 termi-
