2044 2735
268 125 451 172 SVPER
485 125 681 170 PLANO
717 122 1129 170 HORIZONTALI
1167 122 1388 169 ASPERO
1429 136 1521 178 239

210 256 249 287 te
282 255 396 287 motu
430 245 601 287 manebit
632 245 676 286 F.
698 241 1017 294 GC>P.AC,
1058 243 1217 298 ideoque
1260 244 1318 282 vis
1353 251 1381 299 p
1420 243 1526 284 affir-

210 313 397 351 matiuum
448 310 596 349 obtinet
655 310 827 348 valorem
848 340 859 359 ,
900 308 1080 361 quamdiu
1132 308 1374 348 interuallum
1431 309 1465 348 A
1487 305 1523 348 C

211 377 337 416 verius
367 375 406 415 Ο
440 374 570 424 cadit,
607 373 752 412 tamdiu
787 372 892 410 enim
928 381 1104 410 centrum
1137 371 1330 423 grauitatis
1364 370 1404 413 G
1446 372 1524 412 ele-

212 441 293 479 vari
329 439 466 487 debet,
501 437 624 476 donec
659 435 762 475 reeta
795 432 881 475 GA
916 434 982 474 fiat
1016 434 1235 486 verticalis,
1276 435 1350 475 hoc
1392 446 1521 476 autem

209 503 291 542 cain
326 502 378 542 ob
413 498 598 541 ΑΕΓ-0
621 532 631 550 ,
667 500 782 538 etiam
817 497 875 536 vis
903 506 931 552 p
963 497 1158 536 euanescit.
1226 495 1425 551 Deinceps
1455 512 1523 538 ve-

211 579 280 616 ro,
332 565 484 619 quando
525 563 626 603 rec‘ta
667 561 758 604 GA
810 560 938 601 versus
971 559 1006 598 V
1045 560 1313 613 inclinabitur,
1346 562 1398 601 ob
1432 559 1526 602 AC

209 630 438 682 negatiuum,
461 629 516 666 vis
531 635 558 681 p
578 627 793 678 negatiuum
815 624 946 663 induet
965 623 1139 663 valorem
1161 658 1171 677 ,
1202 636 1322 677 eaque
1348 634 1524 666 centrum

205 694 398 745 grauitatis
431 689 469 732 G
505 690 622 729 rusius
654 689 920 741 deprimetur,
958 689 1079 728 donec
1113 687 1187 728 alia
1206 689 1379 741 corporis
1413 691 1524 729 facies

208 756 276 795 ieie
310 756 423 809 plano
456 754 543 795 OV
577 753 774 806 applicet,
818 752 1023 806 vicemque
1064 752 1151 792 basis
1191 752 1362 792 sustineat
1404 753 1528 807 quod‘⁴

204 832 294 860 cum
328 818 501 858 euenerit
535 817 741 857 videndum
776 815 830 855 est
851 847 861 865 ‚
898 826 1026 856 rtrum
1061 815 1168 869 super
1198 829 1298 857 noua
1332 816 1404 857 bafi
1438 829 1529 858 mo·

205 893 266 923 tus
295 883 496 922 rotatorius
529 882 576 921 de
610 893 714 920 nouo
747 888 949 932 generetur
982 892 1030 920 an
1070 879 1184 920 secus.

324 947 358 993 §.
398 957 467 994 27.
503 945 568 986 Ob
602 944 711 984 istam
744 953 869 983 autem
904 945 986 984 vim
1015 953 1043 999 p
1063 976 1073 994 ,
1107 956 1202 997 quae
1242 944 1446 999 requiritur
1479 943 1528 985 ad

205 1020 380 1051 centrum
416 1010 608 1063 grauitatis
640 1008 815 1061 corporis
846 1006 884 1049 G
917 1020 1006 1048 cum
1049 1007 1276 1048 eleuaudum
1319 1018 1402 1048 tum
1447 1020 1529 1048 rur-

206 1075 261 1115 sus
291 1075 588 1128 deprimendum
611 1104 620 1120 ,
658 1073 716 1112 vis
749 1075 934 1112 rotatoria
966 1072 1141 1125 corporis
1160 1073 1404 1113 diminuetur.
1457 1072 1525 1113 Est

206 1140 313 1178 enirn
345 1140 404 1177 vis
432 1137 679 1177 acceleratrix
701 1167 711 1185 ,
753 1148 825 1187 qua
868 1137 1094 1175 extremitas
1132 1135 1172 1174 A
1205 1137 1304 1176 circa
1324 1135 1363 1178 G
1383 1136 1526 1176 circum

1246 1204 1304 1242 [g
1315 1204 1383 1239 σή(
1394 1202 1528 1233 r—i-pmc

207 1216 330 1268 agitur
360 1228 439 1256 non
473 1215 636 1268 amplius
656 1227 711 1253 z
727 1202 954 1266 ffissffi’ssc.
969 1212 1070 1265 AG,
1091 1213 1150 1254 fed
1171 1227 1226 1253 Ξ
1302 1237 1419 1270 -ΡΜ

208 1290 297 1333 AG
392 1312 395 1316 Ι
492 1307 500 1312 ,
668 1305 721 1309 ,-
744 1279 1054 1311 arsace-rac)
1121 1295 1127 1316 :
1171 1295 1177 1301 .
1231 1281 1523 1307 ,immac-vaae

309 1326 318 1343 ,
341 1305 434 1346 quae
454 1302 616 1346 propter
630 1301 722 1347 p,
808 1319 971 1351 »oq-,iffi
1071 1295 1148 1334 abit
1168 1307 1205 1334 in
1262 1323 1486 1354 ,ΜΗ-Λα)

210 1356 439 1411 Qianquam
475 1358 588 1409 igitur
622 1357 674 1397 ob
708 1358 788 1397 vim
820 1367 847 1411 p
879 1360 924 1398 :id
959 1371 1098 1411 corpus
1129 1357 1359 1399 eleuandum
1401 1360 1528 1414 requi-

211 1421 316 1460 sitam
355 1422 412 1460 vis
444 1422 625 1460 rotatoria
659 1421 910 1472 diminuitur,
942 1431 1074 1462 tamen
1108 1433 1247 1475 corpus
1278 1433 1433 1463 motum
1464 1436 1527 1463 ro-

209 1485 393 1523 tatorium
427 1485 614 1537 recipiet,
647 1485 863 1525 dummodo
894 1486 936 1526 sit
979 1483 1430 1537 F.GC—P.AC>0.
1474 1499 1527 1527 ex

211 1560 311 1600 quo,
346 1559 423 1587 non
457 1548 628 1588 obstante
660 1558 786 1588 motus
819 1551 988 1589 rotatorii
1024 1549 1249 1590 difficultate
1281 1551 1331 1590 ob
1348 1551 1526 1591 lineaeA

209 1610 249 1653 G
303 1611 600 1665 obliquitatem,
651 1621 783 1651 tamen
826 1613 930 1654 idem
993 1615 1186 1654 criterium
1216 1647 1226 1664 ,
1271 1614 1374 1668 quod
1418 1613 1526 1668 supra

210 1676 452 1726 iuuenimus,
488 1688 630 1729 nempe
666 1676 692 1716 si
724 1674 1076 1728 F.GC>1³.AC
1119 1678 1251 1717 locum
1295 1679 1431 1718 retinet
1471 1690 1525 1719 ex

208 1752 286 1793 quo
319 1739 478 1792 intelligi
515 1750 657 1793 queat,
701 1750 835 1780 vtrum
878 1752 1007 1782 motus
1048 1742 1253 1781 rotatorius
1294 1740 1529 1795 subsequatur

209 1815 258 1842 an
302 1803 413 1842 secus.
489 1802 663 1844 Durante
707 1814 839 1844 autem
881 1817 991 1846 motu
1034 1806 1221 1845 rotatorio
1266 1805 1454 1858 punitum
1487 1805 1527 1846 A

211 1865 336 1905 versus
368 1865 407 1907 O
443 1865 549 1920 super
584 1867 702 1921 plano
736 1869 823 1910 OV
866 1870 1047 1921 incedet,
1082 1869 1275 1909 celeritate
1298 1902 1308 1919 ,
1351 1881 1446 1924 quae
1488 1868 1525 1910 se

212 1928 351 1968 habeat
383 1930 428 1970 ad
462 1930 562 1970 suam
597 1932 827 1974 celeritatem
861 1935 1096 1987 gyratoriam
1118 1966 1128 1983 ,
1163 1934 1221 1972 vti
1254 1933 1292 1972 A
1313 1934 1343 1988 β
1379 1934 1423 1973 ad
1452 1934 1528 1974 Aa

214 1991 289 2031 hoc
323 1992 373 2031 est
408 1995 462 2032 vti
499 1992 580 2035 GC
615 1996 661 2035 ad
695 1994 811 2049 AC,
849 1997 911 2037 hic
948 2007 1072 2037 auttm
1095 2006 1243 2038 tautum
1274 1998 1442 2051 primum
1465 2009 1528 2049 ge-

212 2056 418 2095 nerationis
451 2069 727 2111 momentum,
763 2074 842 2115 quo
887 2071 1014 2102 motus
1055 2063 1262 2102 rotatorius
1303 2061 1528 2115 producitur

1430 2134 1524 2162 con-
