2044 2735
383 95 471 140 DE
504 91 802 141 ORBITARV
804 95 861 138 M
891 94 1292 143 APPARENTIIS'.
1420 99 1511 148 269

185 212 397 267 fimplicior
431 216 591 269 euadat,
628 216 846 271 assignando
893 217 1131 258 constantem
1169 215 1361 272 quendam
1398 214 1512 267 plano

186 279 435 330 proiectionis
486 281 653 334 respectu
704 282 806 322 oculi
860 291 899 321 et
939 282 1081 322 obiec‘ti
1122 281 1249 322 situm.
1315 280 1509 319 Ponamus

185 354 330 395 nempe
364 344 517 396 planum
562 345 818 398 proiestionis
860 344 1012 398 semper
1045 345 1196 385 transire
1230 357 1301 397 per
1332 353 1510 383 centrum

187 407 326 445 obiec‘ti
359 419 399 447 et
431 409 605 448 normale
642 407 718 448 esse
752 409 798 449 ad
833 409 976 448 rectam
1010 420 1063 448 ex
1097 408 1209 448 oculo
1243 409 1289 448 ad
1331 416 1508 447 centrum

184 470 327 511 obicsti
351 472 499 512 due'tam
523 505 532 523 ,
567 484 608 512 vt
638 473 743 512 huius
771 473 960 525 proietstio
994 473 1033 511 in
1052 471 1211 524 planum
1249 471 1343 511 fasta
1362 471 1511 523 semper

186 535 302 574 oculo
321 536 461 575 dirctste
481 546 716 588 opponatur.
751 534 1034 575 Conditionem
1056 534 1151 574 hanc
1171 534 1247 587 ipsa
1268 535 1510 587 apparentiae

186 599 349 648 obie5ti‚
378 600 599 652 praesertim
612 600 749 639 remoti
764 608 893 638 natura
908 599 1061 651 poscere
1078 598 1238 637 videtur.
1278 596 1434 638 Obiecn
1454 609 1514 636 re-

185 663 286 701 moti
307 673 431 715 partes
459 662 622 702 visibiles
649 663 696 702 ab
715 662 830 702 oculo
860 663 904 701 ad
924 661 1082 714 planum
1102 660 1230 701 referri
1250 661 1388 712 solent,
1407 661 1512 714 quod

184 726 228 764 ad
250 727 408 766 candem
429 725 642 766 distantiam
655 759 665 777 ,
685 739 758 780 qua
778 726 972 766 obiedtum
992 726 1038 766 ab
1058 726 1172 766 oculo
1191 725 1312 777 abest,
1341 724 1511 779 positum

188 790 378 841 censetur,
398 789 577 843 quodque
599 791 717 830 oculo
735 790 879 830 directe
896 791 1123 843 opponitur.
1159 789 1285 830 Partes
1304 801 1436 829 omncs
1456 789 1508 828 iu-

187 852 358 894 dicantur
390 853 431 892 in
465 853 542 893 hoc
578 853 696 907 plano
729 855 849 906 sitae,
885 853 973 894 licet
1007 866 1137 894 reuera
1163 863 1272 893 extra
1294 854 1385 894 istud
1406 853 1511 893 loca·

184 924 243 955 tae
275 916 373 969 suit,
408 915 435 957 fi
470 917 624 970 quidem
668 917 865 958 distantiae
908 917 1073 972 partium
1115 917 1161 956 ab
1194 916 1270 956 hoc
1306 917 1421 971 plano
1455 928 1515 956 re-

183 979 312 1031 spcftu
356 981 471 1020 nimis
513 993 674 1034 magnae
713 982 816 1022 oculi
857 980 904 1022 ab
938 982 1077 1021 eodem
1108 980 1303 1021 distantiae
1337 980 1398 1021 sub
1433 981 1512 1019 scn-

182 1041 236 1082 sus
271 1057 351 1084 non
385 1045 538 1084 cadunt.
606 1044 666 1085 Sit
698 1046 831 1098 globus
869 1058 890 1085 c
924 1043 1138 1099 longinquo
1179 1044 1363 1097 speetatus
1402 1044 1513 1084 instar

181 1108 312 1148 circuli
364 1107 443 1148 eius
490 1109 657 1148 maximi
709 1118 870 1161 apparet
909 1139 921 1159 ,
969 1110 1072 1148 cuius
1128 1107 1284 1161 planum
1337 1109 1383 1148 ad
1433 1119 1511 1147 rec-

181 1180 261 1210 tam
306 1170 414 1223 globi
457 1181 636 1211 centrum
676 1181 714 1211 et
757 1172 916 1212 oculum
958 1172 1179 1224 jungentem
1221 1172 1396 1212 normale
1427 1170 1513 1225 est·‚

182 1243 220 1273 et
254 1236 394 1274 eodem
430 1235 558 1274 modo
588 1248 752 1288 corpora
794 1234 968 1275 coelestia
1010 1235 1123 1275 instar
1155 1234 1342 1276 discorum
1378 1234 1514 1274 viden-

181 1305 242 1338 tur
280 1298 394 1338 oculo
432 1298 578 1339 directe
620 1299 905 1352 oppositorum.
975 1299 1087 1339 lianc
1129 1299 1240 1350 igitur
1273 1299 1513 1352 apparentiae

181 1362 246 1401 vel
288 1360 535 1415 proiecstionis
580 1362 709 1402 ideam
753 1363 986 1416 prosecuturi
1025 1363 1065 1402 in
1105 1362 1344 1415 sequentibus
1394 1370 1513 1416 appa-

185 1428 344 1467 rentiam
373 1427 521 1467 orbitae
551 1425 782 1466 definiemus
822 1439 891 1480 per
923 1425 1207 1479 proiestionem
1249 1426 1327 1466 eius
1358 1426 1397 1464 in
1433 1425 1512 1478 pla-

179 1501 274 1530 num
300 1522 311 1541 ,
364 1490 469 1545 quod
511 1501 582 1543 per
613 1500 788 1530 centrum
833 1490 980 1537 orbitae
1020 1489 1148 1529 transit
1180 1498 1219 1529 et
1252 1489 1426 1530 normale
1462 1489 1514 1530 est

179 1554 225 1594 ad
257 1553 404 1595 ree’cam
435 1553 591 1594 oculum
626 1565 666 1594 et
701 1563 877 1594 centrum
910 1554 986 1595 hoc
1020 1554 1259 1606 jungentem.

300 1628 340 1666 5.
396 1618 526 1658 Positis
577 1617 637 1657 his
687 1618 978 1658 conditionibus
1016 1649 1027 1668 ,
1075 1618 1275 1658 nonnullas
1322 1615 1513 1670 generales

179 1682 422 1734 apparentiae
471 1680 683 1721 orbitarum
730 1681 874 1735 species
915 1683 991 1722 iam
1033 1693 1258 1721 enumerare
1308 1681 1511 1733 valemus,

179 1746 271 1785 dum
306 1745 551 1786 solummodo
591 1746 638 1785 ad
673 1745 885 1786 lethonem
929 1746 1019 1786 coni
1053 1745 1174 1799 optici
1215 1745 1413 1785 attendere
1446 1745 1514 1784 de-

180 1808 311 1848 bemus
356 1822 377 1849 a
411 1809 529 1862 plano
570 1808 823 1861 pr01e6ti012is
853 1808 991 1850 fac'tam
1012 1841 1023 1860 ,
1068 1808 1169 1848 cuius
1200 1809 1374 1862 respectu
1410 1808 1514 1849 oculi

179 1871 320 1923 positio
338 1885 390 1912 ex
417 1872 628 1926 hypothesi
664 1875 785 1913 datur.
854 1873 938 1925 Sic,
975 1873 1000 1914 s1
1036 1872 1183 1913 orbitae
1213 1872 1385 1926 respeehi
1421 1885 1510 1912 ocu-

178 1934 206 1973 li
242 1935 426 1975 eiu>m0di
459 1935 502 1976 fit
535 1934 650 1989 situs,
694 1946 738 1976 vt
774 1937 933 1990 planum
978 1937 1059 1977 cius
1093 1937 1328 1989 produc'tum
1366 1948 1435 1989 per
1469 1948 1510 1975 o-

179 1997 305 2037 culum
341 1997 527 2049 transeat,
560 1999 618 2039 seu
653 2001 698 2040 ad
737 2001 900 2052 planum
934 1999 1190 2054 proiestionis
1222 2000 1401 2040 normale
1438 1999 1511 2049 sit,

176 2061 244 2101 ista
277 2061 388 2102 instar
418 2063 544 2103 rectae
579 2065 810 2117 apparebit·⁷
852 2065 930 2105 hoc
963 2065 1070 2105 enim
1113 2067 1196 2106 casu
1237 2077 1358 2104 conus
1407 2062 1511 2114 opti-

795 2127 830 2167 L
851 2128 862 2167 l
885 2137 908 2175 3
1445 2135 1510 2163 cus
