2044 2735
168 81 487 130 ACADEMIA
506 78 734 129 MEDICA
753 80 973 130 OBSERV.
996 80 1325 128 HlSTORleA.
1390 97 1483 139 447

162 215 255 262 pag.
299 216 399 255 153.
435 205 622 261 Nisapora
662 202 882 246 accersitum
924 204 1035 246 illum
1069 203 1110 245 in
1143 202 1272 246 aulam
1306 203 1487 247 Raschidi

168 270 391 311 inuenisset:
429 272 586 311 nomina
628 269 721 310 haec
763 281 882 309 vnam
924 270 1162 323 eandemque
1197 270 1331 310 vrbem
1366 269 1485 309 deno-

170 345 251 375 tare
294 335 391 375 forte
440 335 629 375 credidit:
671 333 890 388 praesertim
938 346 1024 374 cum
1072 334 1173 373 inter
1222 331 1483 374 Chorofimam

170 410 209 440 ct
242 396 518 439 Chorestanam
560 397 776 452 prouincias
816 398 955 450 exigua
995 397 1040 437 sit
1073 397 1242 438 nominis
1272 397 1487 451 discrepan-

170 464 221 504 tia
247 496 255 515 ‚
286 476 444 518 quirum
477 463 571 503 haec
603 458 908 514 Gandistiporam
929 493 940 513 ,
981 460 1084 500 illam
1122 460 1358 515 Nifiiporam
1393 473 1488 502 con·

169 529 279 569 tinet.
346 528 560 568 Enimuero
592 523 830 565 manifestum
861 525 916 565 est
956 533 1108 564 textum
1152 525 1360 566 Arabicum
1395 525 1487 565 vlti-

169 605 239 632 mo
281 592 355 632 hoc
398 591 490 630 loco
533 600 788 642 corruptum,
830 588 1090 641 fimiorcmque
1132 588 1343 629 lec'tiouem
1378 587 1486 641 ess‘e,

168 669 281 709 quam
322 654 531 695 Pocockius
572 653 735 706 margini
780 662 910 693 textus
948 652 1102 693 Arabici
1147 654 1284 694 adiecit
1326 665 1377 693 ex
1412 652 1488 694 alio

167 721 304 774 scripto
338 718 500 769 codice,
535 719 598 771 qui
632 729 705 771 pro
737 715 930 771 Nisapora
962 713 1267 772 Gandisaporam
1300 717 1404 771 legit.

286 782 331 823 In
366 782 436 823 hac
470 782 584 834 igitur
619 781 712 821 vrbe
744 793 767 820 a
800 794 927 835 prima
958 781 1018 821 sua
1049 781 1192 835 origine
1212 815 1223 833 ,
1256 781 1333 822 hoc
1366 781 1420 822 est
1439 780 1488 821 ab

165 847 300 887 saeculi
340 846 530 887 christiani
568 846 672 886 tertii
715 857 818 885 auno
860 846 1009 886 circiter
1059 844 1317 899 sexagesimo,
1359 845 1486 886 schola

166 912 315 955 medica
357 911 514 963 floruit,
557 923 577 950 a
610 910 699 950 viris
732 908 924 952 Graecam
958 908 1190 950 medicinam
1231 909 1374 950 edoctis
1403 909 1488 949 fun-

166 976 266 1016 data.
336 976 468 1032 Quum
508 986 601 1014 vero
641 975 679 1014 in
713 973 832 1015 Persia
866 971 1170 1014 Christianorum
1211 986 1388 1014 numerus
1421 986 1487 1014 au-

165 1050 345 1093 geretur,
378 1039 507 1093 istique
537 1037 704 1078 scholam
738 1039 857 1079 etiam
892 1037 1028 1079 sacram
1061 1037 1311 1078 condidissent
1351 1038 1395 1078 in
1421 1050 1488 1078 vr·

167 1104 214 1144 be
247 1103 410 1144 eiusdem
446 1103 667 1156 prouinciae
699 1101 875 1157 Lapetha
919 1102 981 1143 seu
1022 1099 1355 1156 Beth-Lapetha·⁷
1399 1112 1487 1142 tan-

169 1169 363 1222 demque⁷
399 1168 585 1207 incertum
617 1178 692 1221 quo
727 1177 935 1221 tempore,
977 1166 1078 1206 sedes
1110 1166 1365 1207 Eiamiturum
1401 1178 1485 1206 me-

165 1233 395 1285 tropolitana
443 1243 521 1271 vna
559 1244 646 1271 cum
689 1231 816 1272 schola
872 1243 925 1271 ex
966 1229 1144 1284 Lapetha
1185 1229 1487 1285 Gandifiipomm

167 1296 458 1336 transferretur:
492 1295 633 1335 filetum
668 1295 723 1336 est
763 1305 807 1335 vt
839 1294 964 1335 schola
1006 1293 1104 1334 fiicra
1135 1307 1225 1335 cum
1258 1295 1411 1336 medica
1444 1294 1487 1334 in

167 1373 283 1401 vnum
333 1361 661 1412 coniungeretur,
700 1358 826 1413 sicque
864 1358 1127 1400 celebritatem
1169 1371 1350 1413 magnam
1371 1392 1382 1412 ‚
1415 1358 1491 1399 sre-

166 1434 423 1478 quentemque
455 1422 682 1464 discentium
718 1435 924 1463 nnmerum
957 1421 1264 1477 consequeretur.

283 1486 391 1529 Nam
427 1499 543 1541 quum
577 1485 882 1528 Christianorum
915 1487 1096 1527 antistites
1127 1486 1166 1526 in
1185 1487 1308 1530 varias
1340 1486 1492 1528 senten-

166 1553 235 1593 tias
267 1551 544 1592 scinderentur:
580 1563 705 1604 neque
738 1550 809 1591 inis
839 1549 1128 1591 dissensionibus
1158 1551 1337 1593 tollendis
1369 1561 1406 1592 et
1439 1563 1488 1591 v-

162 1615 320 1656 nisormi
360 1615 558 1656 doetrinae
600 1615 811 1655 reddendae
850 1614 1014 1654 concilia
1046 1614 1293 1669 ssifficerent3
1331 1616 1388 1656 isti
1423 1628 1491 1655 au-

164 1690 275 1731 tem,
319 1679 383 1734 qui
424 1679 658 1732 pertinacius
698 1678 768 1719 suis
805 1679 1054 1720 inhaerebant
1096 1680 1322 1732 sententiis,
1358 1681 1488 1733 impe-

163 1745 328 1784 mutium
380 1742 474 1784 iussu
528 1742 694 1796 migrare
747 1755 799 1783 ex
839 1743 1045 1797 prouinciis
1085 1744 1272 1785 Romano
1316 1744 1488 1797 imperio

163 1807 333 1848 subiee‘tis
377 1816 634 1860 cogerentur:
678 1819 822 1860 magno
860 1819 1024 1846 numero
1064 1807 1117 1847 illi
1150 1809 1409 1849 concedebant
1448 1808 1488 1847 in

164 1872 336 1924 regiones
375 1871 567 1912 Persarum
610 1871 790 1912 dominio
830 1870 1038 1922 subiectas,
1081 1884 1176 1924 quae
1217 1872 1264 1912 ab
1294 1883 1345 1912 co
1387 1881 1488 1911 tem-

163 1947 260 1988 pore
309 1947 399 1975 cum
444 1934 549 1985 illis,
599 1937 662 1988 qui
706 1935 808 1976 reete
849 1935 898 1974 de
929 1934 1113 1987 religione
1153 1937 1269 1976 etad
1311 1947 1498 1976 mentem»

164 1999 422 2039 conciliorum
457 2000 802 2040 oecumenicorum
837 1999 1066 2051 sentiebant,
1101 2011 1247 2051 magno
1278 2001 1396 2040 ctiam
1417 2012 1487 2039 nu·

163 2074 274 2104 mero
317 2061 490 2107 Nestorii
531 2061 767 2118 aliorumque
803 2064 1075 2106 damnatorum
1118 2065 1299 2117 dogmata
1332 2065 1489 2117 sequen.-

1389 2139 1496 2169 numu
