2044 2735
566 132 659 188 ‘416
785 129 866 174 DE
897 124 1215 173 ALCIBIADE
1247 124 1520 172 CERTAMI
1525 128 1592 174 NI
1594 128 1627 173 S

570 254 609 294 in
642 252 805 307 patriam
835 249 935 291 suam
971 247 1119 289 reuerso
1154 247 1437 302 praebebantur.
1504 247 1610 289 Nam
1637 260 1753 302 quum
1787 248 1874 289 ciui-

570 326 625 357 tas
657 316 840 370 quaelibet
880 313 915 353 se
954 312 1071 366 iplam
1110 313 1151 353 in
1183 313 1267 352 ciue
1307 311 1368 350 fiio
1401 312 1576 351 coronari
1617 313 1877 352 existimaret:

572 391 651 421 non
686 377 805 419 solum
842 376 1056 417 honorifice
1091 389 1177 416 eum
1197 375 1447 415 reuertentem
1467 376 1710 427 excipiebat,
1745 388 1879 416 verum

572 446 697 498 etiam!
719 443 816 482 inter
859 441 1061 495 primarios
1093 440 1190 479 ciues
1221 439 1348 478 locum
1392 438 1459 491 ipsi
1492 437 1647 478 faciebat
1667 471 1676 489 ,
1712 438 1881 479 ceulitm-

572 519 645 561 que
674 504 886 560 equestrem
909 537 920 555 ,
952 504 978 544 si
1012 516 1090 543 non
1124 512 1235 542 antea
1268 506 1498 555 suppeteret,
1529 513 1582 542 ex
1618 503 1771 555 publico
1801 503 1896 551 col--

573 571 658 611 latis
690 569 852 623 bpibus,
895 567 1104 621 explebat,
1142 576 1180 606 et
1214 566 1391 605 alimenta
1436 577 1501 618 per
1536 578 1697 606 omnem
1731 567 1849 607 vitam
1872 599 1882 617 ,

572 647 660 675 cum
694 633 805 687 plena
837 632 1078 672 immunitate
1099 663 1109 681 ,
1149 629 1361 683 praebebat.
1430 629 1542 670 Nihil
1579 630 1701 683 itaque
1736 630 1880 670 mirum

575 698 657 750 est,
700 696 804 750 quod
844 695 973 734 omnis
1014 693 1206 744 Graecia,
1249 692 1429 732 desiderio
1470 703 1660 733 tantorum
1693 692 1882 734 stuc‘tuurn

574 762 741 811 incensa,
772 759 848 799 illis
877 757 1210 798 exercitationibus
1240 755 1366 795 insano
1401 755 1518 795 fludio
1550 757 1673 796 dedita
1702 756 1782 807 fuit,
1803 758 1884 810 qui-

575 825 644 866 bus
675 823 889 878 praeparari
920 822 1034 862 debet
1053 854 1064 873 ‚
1095 820 1159 875 qui
1191 818 1226 858 st:
1257 819 1338 858 vult
1370 820 1636 859 certaminibus
1668 820 1883 861 huiusmodi

575 889 834 930 committere.
897 883 1071 939 Cumque
1110 883 1260 924 subinde
1303 883 1516 934 accideret,
1547 894 1590 922 vt
1622 884 1797 924 homines
1829 894 1882 924 te-

576 951 739 993 nuiffimi
760 983 771 1001 ,
804 948 869 989 vel
901 949 1091 989 celeritate
1133 947 1198 986 vel
1230 946 1400 999 corporis
1433 946 1572 986 robore
1606 947 1791 999 pollentes
1823 961 1885 987 ar-

576 1017 694 1068 tisque
727 1013 933 1067 praeceptis
964 1013 1108 1063 adiuti,
1137 1011 1341 1050 victoriam
1375 1011 1586 1059 currendo,
1620 1010 1798 1050 luctando
1816 1024 1886 1064 pu-

577 1078 818 1132 gillandoque
868 1084 1136 1130 reportarent,
1187 1073 1373 1126 subitaque
1423 1073 1667 1114 conucrlione
1714 1072 1886 1114 fortunae

579 1149 846 1195 emergerent:
887 1148 1095 1192 coeperunt
1140 1136 1345 1177 nobiliores
1387 1136 1565 1178 homines
1603 1138 1782 1190 gymnica
1823 1138 1887 1178 illa

580 1207 797 1259 vituperare
853 1212 891 1243 et
932 1204 979 1244 ab
1020 1203 1063 1242 iis
1098 1201 1173 1242 fere
1212 1201 1395 1241 abstinere
1415 1234 1425 1252 ,
1465 1210 1570 1241 tanto
1607 1211 1735 1241 autem
1769 1202 1888 1254 magis

578 1263 740 1323 operam
781 1267 869 1307 dare
908 1266 1134 1321 equestribus
1179 1264 1240 1305 seu
1279 1264 1466 1305 curulibus
1514 1264 1778 1305 certaminibus
1797 1297 1808 1315 ,
1849 1266 1886 1304 in

579 1334 707 1388 quibus
746 1343 824 1371 non
864 1344 953 1371 cum
990 1330 1148 1384 plebeiis
1186 1328 1456 1381 aritagonistis,
1494 1327 1552 1368 sed
1587 1340 1676 1368 cum
1713 1329 1857 1382 regibus
1879 1362 1889 1376 ,

579 1397 786 1437 ciuitatibus
828 1404 867 1434 et
900 1394 1131 1434 nobilissimo
1171 1405 1213 1432 ac
1247 1391 1512 1445 spectatislimo
1545 1404 1696 1445 quoque
1731 1393 1776 1432 de
1809 1393 1890 1445 pal-

580 1472 644 1500 ma
678 1459 894 1500 certandum
936 1466 1025 1497 erat.
1064 1456 1170 1498 Nam
1215 1453 1263 1495 τὸ
1292 1450 1594 1512 ἱπωετξσφᾶν,
1620 1467 1734 1507 equos
1759 1456 1857 1495 alere
1877 1490 1888 1507 ‚

582 1524 729 1576 regium
782 1522 877 1562 olim
928 1520 1167 1560 censebatur:
1221 1530 1334 1573 atque
1375 1521 1437 1573 qui
1472 1520 1570 1558 inter
1609 1520 1709 1558 ciues
1746 1519 1891 1572 possent

580 1600 722 1641 equum
757 1587 795 1626 in
826 1585 980 1626 bellicos
1011 1586 1094 1625 vius
1126 1593 1301 1637 paratum
1333 1582 1483 1637 semper
1513 1582 1669 1633 habere,
1703 1583 1890 1635 digniores

580 1651 744 1691 omnino
774 1651 910 1690 ceteris
943 1649 1185 1689 habebantur.

696 1714 893 1753 Habebant
941 1722 1070 1750 antem
1124 1711 1214 1749 haec
1264 1710 1402 1749 curulia
1443 1709 1647 1748 certamina
1691 1709 1888 1759 multum,

580 1777 682 1829 quod
715 1788 735 1814 a
767 1775 1037 1828 gymnicorum
1081 1785 1189 1812 more
1231 1781 1269 1810 et
1304 1772 1472 1811 instituto
1506 1773 1715 1811 recedebat.
1783 1773 1889 1813 Nam

579 1852 658 1881 non
703 1838 822 1879 solum
864 1836 1033 1891 equestre
1075 1836 1233 1876 stadium
1273 1834 1456 1874 diuerliim
1492 1845 1570 1874 erat
1604 1836 1649 1875 ab
1682 1835 1745 1874 illo
1768 1866 1778 1881 ,
1813 1848 1891 1888 quo

579 1903 740 1944 athletae
793 1902 996 1956 gymnicae
1033 1901 1122 1940 artis
1161 1898 1366 1951 specimina
1407 1898 1596 1938 edebant:
1641 1911 1776 1938 verum
1819 1898 1891 1939 hoc

582 1967 758 2007 maxime
794 1965 1052 2018 discrepabat,
1095 1963 1196 2017 quod
1231 1962 1370 2001 athleta
1403 1963 1547 2014 proprii
1580 1963 1752 2014 corporis
1783 1964 1890 2002 robo-

584 2043 654 2082 re,
704 2029 899 2083 agilitate,
951 2029 1172 2081 patienti-auc
1224 2037 1407 2065 coronam
1458 2026 1521 2065 stbi
1565 2026 1788 2078 quaerebat:
1831 2025 1894 2064 hic

585 2105 713 2135 antem
747 2093 829 2146 equi
851 2124 861 2144 ‚
893 2090 989 2131 forte
1024 2091 1139 2131 ctiam
1178 2089 1303 2140 muli,
1337 2089 1500 2129 domino
1534 2087 1895 2141 longissimeabstnti

1813 2153 1891 2206 pal-
