2044 2735
558 128 581 154 2
587 119 646 164 9⁸
763 107 845 151 DE
884 100 1244 151 ORBITARVM
1281 100 1674 149 APPARENTHS.

547 229 616 281 1:13
652 239 722 281 per
751 239 783 266 0·
816 227 855 266 in
889 224 1006 279 plano
1035 222 1218 277 primario
1252 220 1312 262 nI
1333 221 1409 264 Ni
1438 222 1591 263 ducatur
1634 235 1660 263 z
1689 236 1720 265 σ·
1750 239 1782 265 π
1816 224 1863 266 ad

547 289 615 333 SP
652 289 829 344 parallela
866 288 990 328 secans
1029 287 1202 328 semitam
1244 286 1391 327 orbitae
1425 286 1463 325 in
1506 301 1538 327 π
1581 296 1619 326 et
1652 300 1678 326 z
1700 302 1721 341 3-
1753 298 1863 328 crunt

552 369 585 396 π
628 364 666 394 et
707 367 734 394 z
772 353 918 394 termini
960 352 1207 406 apparentiae
1246 349 1487 402 rec‘lilineaez,
1530 359 1567 390 et
1601 351 1734 391 eadem
1779 364 1865 391 me-

549 417 677 458 thodo
709 430 759 458 ex
793 416 905 456 altera
936 414 1091 456 semitae
1124 414 1224 454 oculi
1256 425 1365 468 parte
1399 414 1585 454 eiusmodi
1619 415 1776 456 termini
1810 415 1864 455 as-

546 481 681 534 signari
712 489 916 535 poterunt.
984 478 1108 519 Facile
1157 477 1250 517 haec
1300 487 1469 531 patent,
1519 476 1546 517 fi
1588 488 1863 533 comparentur

547 557 637 585 cum
670 545 743 597 iis,
779 555 875 598 quae
907 543 945 583 in
979 543 1014 591 ξ.
1054 554 1125 590 29.
1161 540 1293 581 tradita
1326 542 1417 582 sunt.
1486 540 1654 581 Ponatur
1685 551 1858 582 centrum

548 608 694 649 orbitae
732 608 771 647 in
806 606 848 648 N
870 639 881 658 ‚
920 605 985 646 vel
1025 617 1048 644 n
1069 639 1081 657 ‚
1123 605 1229 645 nodo
1263 605 1369 657 plani
1404 604 1574 657 primarii
1609 613 1647 644 et
1678 605 1782 659 plani
1817 617 1859 645 o-

543 671 651 722 culi,
688 671 855 711 verletur
888 679 1014 710 autem
1047 669 1174 709 oculus
1214 669 1253 707 in
1287 670 1419 721 quouis
1459 668 1610 707 semitae
1653 669 1734 709 suae
1769 671 1861 710 loco

543 734 626 788 M;
660 734 763 775 reeta
796 732 920 785 MN,
953 745 1050 786 quae
1082 742 1256 772 centrum
1292 731 1437 772 orbitae
1469 740 1508 770 et
1540 731 1696 772 oculum
1728 734 1859 786 iungit,

542 799 613 838 erit
630 799 667 838 in
695 797 810 851 plano
836 796 971 846 oculi,
1003 805 1042 835 et
1069 795 1226 848 planum
1255 795 1503 849 proiectionis
1519 795 1557 834 in
1576 794 1617 836 N
1634 797 1683 835 ad
1701 796 1859 849 planum

541 861 644 902 oculi
687 861 869 901 normale.
935 857 977 900 Si
1017 858 1148 898 oculus
1182 868 1269 899 tunc
1303 859 1472 912 appellat
1515 858 1561 897 ad
1596 859 1645 914 Q
1680 860 1742 899 vel
1783 860 1818 902 R
1842 891 1855 911 ‚

540 924 698 977 planum
730 923 979 978 proiectionis
1011 923 1184 963 normale
1215 923 1286 962 erit
1318 922 1364 962 ad
1398 921 1472 963 Nn
1506 922 1669 975 ideoque
1703 934 1854 963 norma-

538 987 578 1027 le
629 997 711 1028 tum
763 987 810 1027 ad
853 987 1010 1041 planum
1064 985 1164 1026 oculi
1211 995 1290 1026 tum
1333 985 1379 1025 ad
1412 985 1564 1038 planum
1611 987 1852 1038 primarium.

540 1049 707 1090 Ponatur
740 1059 915 1091 centrum
950 1049 1098 1090 orbitae
1130 1049 1169 1088 in
1195 1049 1328 1102 quouis
1347 1080 1357 1098 ,
1392 1057 1542 1100 praeter
1575 1049 1639 1100 N,
1661 1061 1684 1087 n
1704 1081 1714 1099 ‚
1748 1049 1860 1089 semi-

538 1122 601 1153 tae
634 1112 714 1154 suae
744 1112 870 1166 loc03
905 1113 1053 1167 quoties
1086 1110 1215 1151 oculus
1248 1112 1296 1151 ad
1329 1111 1475 1151 rectam
1521 1111 1597 1152 Nn
1616 1143 1627 1162 ‚
1660 1112 1719 1151 seu
1754 1113 1799 1152 ad
1818 1112 1869 1168 Q

538 1176 603 1217 vel
650 1177 686 1218 R
719 1178 891 1230 peruenit
910 1208 920 1228 ,
962 1176 1076 1216 toties
1109 1174 1210 1214 ree‘ta
1242 1173 1398 1216 oculum
1434 1184 1474 1214 et
1507 1184 1678 1215 centrum
1713 1175 1859 1216 orbitae

538 1240 694 1293 iungens
727 1240 801 1280 erit
830 1241 871 1280 in
902 1239 1019 1293 plano
1052 1239 1235 1292 primario
1254 1271 1265 1290 ,
1299 1238 1346 1278 ad
1379 1238 1481 1291 qnod
1512 1238 1672 1292 proinde
1698 1239 1857 1292 planum

537 1304 789 1357 proiectionis
829 1303 1002 1345 normale
1044 1303 1131 1342 erit.
1198 1301 1266 1342 His
1305 1301 1445 1342 casibus
1489 1303 1662 1355 exceptis
1702 1303 1857 1355 planum

535 1367 785 1421 projectionis
818 1366 1071 1407 diuersimode
1103 1364 1346 1406 inclinabitur
1387 1374 1471 1406 tum
1504 1366 1552 1406 ad
1587 1366 1742 1420 planum
1778 1367 1857 1419 pri-

537 1431 703 1470 marium
723 1463 734 1482 ,
766 1440 851 1470 tum
885 1431 932 1471 ad
965 1429 1119 1482 planum
1155 1428 1289 1481 oculi,
1325 1429 1351 1470 fi
1385 1430 1543 1483 quidem
1587 1430 1689 1470 reeta
1730 1429 1779 1470 ab
1810 1442 1855 1470 o-

535 1492 626 1532 culo
659 1494 705 1534 ad
739 1502 913 1534 centrum
947 1493 1093 1532 orbitae
1128 1492 1240 1532 dueta
1260 1526 1270 1544 ,
1303 1493 1349 1533 ad
1383 1505 1494 1545 qnam
1530 1492 1685 1546 planum
1726 1495 1856 1547 proie-

535 1556 674 1597 &ionis
714 1556 860 1610 semper
900 1557 1074 1597 normale
1114 1555 1197 1607 est,
1229 1557 1349 1596 varias
1392 1556 1654 1596 inclinationes
1683 1557 1852 1610 respectu

535 1620 728 1673 Vtriusque
769 1620 869 1673 plani
910 1620 1007 1661 subit
1048 1632 1143 1674 quae
1184 1619 1446 1659 inclinationes
1487 1631 1541 1659 ex
1575 1620 1644 1660 situ
1678 1620 1779 1659 oculi
1812 1631 1852 1660 et

535 1683 678 1723 orbitae
714 1684 751 1722 in
784 1685 850 1722 fuis
883 1684 1023 1724 semitis
1054 1683 1249 1723 diiudicari
1282 1683 1450 1733 debent,
1485 1691 1529 1722 vt
1547 1681 1705 1722 demum
1739 1684 1850 1722 inno—

533 1745 647 1785 tescat
681 1745 821 1799 positio
853 1747 999 1787 orbitae
1028 1745 1197 1798 respectu
1232 1745 1367 1797 oculi,
1410 1745 1456 1785 ad
1491 1746 1752 1798 apparentiam
1786 1760 1850 1788 or-

536 1810 635 1850 bitae
670 1810 994 1850 determinandam
1027 1807 1263 1863 neccssaria;
1298 1809 1335 1848 id
1367 1809 1470 1863 quod
1504 1809 1568 1848 suo
1603 1810 1693 1850 loco
1725 1809 1848 1852 osten-

533 1873 654 1913 detur.

651 1947 724 1985 35.
760 1933 873 1976 Casus
905 1946 1034 1976 motus
1065 1937 1164 1977 oculi
1207 1946 1243 1976 et
1277 1936 1424 1977 orbitae
1470 1937 1507 1975 in
1542 1937 1691 1977 diuersis
1730 1937 1850 1990 planis

531 1999 628 2039 circa
671 2009 844 2040 centrum
884 2013 1090 2040 commune
1111 2031 1122 2050 ,
1165 2013 1276 2054 quem
1319 2000 1496 2040 hactenus
1538 2001 1816 2041 einicleanimns
1837 2033 1848 2053 ,

533 2064 572 2103 in
604 2062 850 2105 Astronomia
885 2076 1081 2105 occturorc
1115 2063 1205 2105 solet
1239 2065 1334 2104 circa
1367 2064 1541 2105 satellites
1575 2064 1678 2106 Iouis
1708 2074 1748 2104 ct
1780 2064 1850 2106 Sa-

1714 2138 1813 2169 turni
1834 2161 1847 2180 ,
