2044 2735
478 149 567 193 348
652 125 1107 180 OBSERVATIONES
1126 118 1673 170 METEOROLOGICAE

478 256 572 298 nihil
603 255 681 295 eius
697 252 822 307 digitis
840 249 1020 291 abradere
1039 246 1104 289 vel
1123 255 1325 288 conterere
1345 243 1497 285 licuerit
1518 257 1530 298 ·‚
1567 241 1662 284 infra
1694 241 1794 287 hanc

481 320 643 361 crustam
676 315 872 370 glacialem
906 322 1033 354 autem
1053 344 1063 363 ,
1098 322 1194 365 quae
1229 308 1298 349 fuis
1328 307 1510 348 limitibus
1541 315 1714 348 accurate
1738 309 1792 349 di-

482 384 608 424 dincta
639 391 716 420 erat
735 413 745 430 ,
778 389 876 418 terra
908 385 1058 416 arenata
1078 407 1087 424 ,
1128 372 1246 428 qualis
1279 371 1469 411 ordinarie
1502 369 1564 410 hic
1597 368 1674 409 effe
1695 370 1797 424 folet,

484 446 663 487 consueto
696 456 806 484 more
838 440 963 493 digito
994 435 1144 478 friabilis
1175 434 1427 487 offerebatur,
1459 434 1560 488 quod
1582 434 1620 473 in
1642 435 1796 486 sequen-

486 511 581 550 tibus
614 519 759 561 quoque
791 502 1108 545 obseruationibus
1140 498 1389 553 deprehendi.
1454 498 1575 537 Anno
1609 507 1739 546 1741.
1760 497 1800 538 d.

492 586 561 612 11.
605 569 793 612 Februarii
829 569 868 607 in
903 566 1020 606 horto
1053 562 1243 604 Botanico
1277 562 1527 611 Academiae,
1562 561 1696 615 amplo
1718 593 1728 612 ,
1764 570 1806 601 et

487 624 1805 682 hoemxffifirmmmmnpmmnemmfflo,stdmuawoem

489 709 622 740 tamen
666 697 737 737 sito
757 728 767 746 ,
799 708 819 734 a
853 691 1002 733 Clariss.
1038 693 1223 733 Amnmno
1255 689 1446 729 obseruata
1477 688 1545 728 fuit
1575 688 1732 728 altitudo
1750 688 1810 728 ni-

491 764 551 803 vis
572 771 691 801 terrae
731 757 984 800 incumbentis
1018 759 1090 806 16³³
1123 753 1218 807 poll.
1252 761 1372 792 terrae
1401 760 1529 792 autem
1562 751 1682 804 glacie
1713 763 1809 792 con-

491 826 638 867 strictae
679 831 827 864 tantum
870 823 926 869 72}
964 820 1059 873 poll.
1123 816 1178 858 D.
1216 826 1267 863 23
1307 815 1495 856 Februarii
1536 814 1807 869 subsequente,

494 901 586 931 cum
626 887 773 941 aliquot
812 884 890 924 dies
928 894 1018 923 ante
1055 881 1408 923 Thermometrum
1450 877 1810 920 Fahrenheitianum

496 953 614 1007 ‘vsque
644 951 691 991 ad
725 947 859 1003 gradus
898 956 950 995 ις
986 945 1080 987 infra
1115 957 1142 985 0
1176 940 1394 998 depressum
1426 939 1576 993 fuisset,
1609 942 1738 982 inueni
1771 943 1813 983 in

499 1026 644 1069 campo
675 1015 771 1054 intra
805 1011 940 1051 vrbem
972 1011 1074 1060 fito,
1110 1008 1260 1049 aedibus
1291 1007 1448 1061 quidem
1467 1005 1626 1059 lapideis
1644 1038 1654 1057 ‚
1688 1005 1750 1046 sed
1767 1012 1814 1046 ad

501 1079 713 1121 distantiam
752 1086 840 1125 500
874 1083 938 1113 aut
973 1077 1061 1112 600
1106 1069 1275 1125 passuum
1295 1102 1305 1121 ,
1339 1080 1380 1110 ct
1421 1081 1475 1110 ex
1508 1079 1615 1123 parte
1654 1079 1815 1120 tantum,

503 1142 664 1190 ciuem,
696 1136 995 1193 profunditatem
1032 1136 1128 1176 niuis
1164 1148 1231 1186 14.
1267 1133 1363 1188 poll.
1396 1142 1433 1173 et
1467 1142 1587 1174 terrae
1627 1132 1815 1186 conglaci-

504 1216 588 1247 atae
623 1208 662 1244 8.
698 1202 796 1257 poll.
866 1199 1088 1254 Insequente
1121 1198 1159 1239 d.
1195 1211 1236 1249 4.
1271 1196 1404 1239 Martii
1433 1195 1544 1250 selegi
1561 1207 1744 1251 campum
1772 1195 1820 1236 li-

504 1270 639 1311 berum
661 1299 672 1317 ,
703 1276 814 1306 extra
852 1264 990 1306 vrbem
1023 1263 1135 1304 situm
1169 1262 1215 1303 ad
1245 1261 1458 1302 distantiam
1492 1259 1643 1300 circiter
1675 1265 1689 1310 ζ
1732 1258 1825 1300 mil-

506 1333 609 1374 liaris
641 1328 892 1381 Germanici,
927 1328 992 1382 qui
1026 1327 1203 1368 arboreto
1234 1324 1369 1366 humili
1405 1323 1451 1363 ad
1477 1323 1716 1364 interuallum
1735 1323 1821 1363 vni-

507 1409 552 1437 us
590 1394 772 1445 Verstae,
816 1392 882 1432 vel
923 1396 939 1441 ξ-
981 1391 1074 1431 mill.
1121 1388 1263 1431 Germ.
1304 1401 1357 1429 ex
1389 1398 1472 1427 vno
1504 1388 1618 1428 latere
1652 1387 1824 1427 munitus

510 1458 595 1509 est,
638 1467 749 1510 atque
790 1455 843 1496 ibi
884 1453 1118 1507 deprehendi
1160 1453 1290 1493 niuem
1330 1452 1447 1491 altam
1497 1454 1551 1489 16
1584 1449 1677 1503 poll.
1729 1449 1825 1489 infra

514 1522 613 1562 hanc
643 1518 802 1560 crustam
836 1529 955 1572 aquae
987 1529 1105 1570 purae
1137 1516 1257 1570 glacie
1290 1513 1514 1554 constrictae
1548 1513 1752 1553 altitudinis
1782 1517 1825 1559 15,-

516 1584 614 1639 poll.
648 1594 763 1637 quam
798 1591 893 1621 terra
923 1579 1154 1634 conglaciata
1190 1578 1406 1634 sequebatur
1438 1577 1483 1617 ad
1525 1575 1825 1629 profunditatem

518 1660 598 1688 non
632 1646 698 1686 nisi
739 1656 758 1694 ς
799 1643 895 1697 poll.
928 1655 1085 1697 campus
1119 1643 1181 1682 hic
1214 1642 1414 1696 ingruente
1445 1649 1632 1680 autumno
1674 1639 1826 1691 paulum

522 1711 615 1750 solet
651 1707 728 1748 esse
763 1705 1025 1760 paludinosus,
1057 1706 1161 1745 vnde
1195 1705 1271 1746 sine
1301 1705 1416 1744 dubio
1448 1702 1564 1741 crusta
1598 1701 1760 1754 glacialis
1789 1714 1831 1741 a-

522 1785 618 1826 quea
650 1780 780 1810 ortum
814 1769 878 1809 sub
910 1769 996 1808 niue
1027 1768 1149 1808 duxit.
1216 1767 1405 1807 Proximo
1445 1765 1583 1805 deinde
1629 1775 1681 1811 17
1726 1765 1834 1806 Mar-

523 1836 569 1876 tii
600 1834 710 1887 selegi
746 1832 860 1872 alium
895 1843 1077 1884 campum
1112 1831 1376 1880 liberrimum,
1411 1829 1548 1869 eodem
1565 1829 1732 1879 circiter,
1763 1842 1835 1882 qua

527 1900 651 1953 prius,
690 1895 859 1936 distantia
890 1904 998 1935 extra
1029 1894 1165 1934 vrbem
1206 1895 1394 1934 iacentem
1417 1924 1427 1942 ‚
1469 1893 1506 1931 in
1549 1904 1669 1946 eoque
1708 1893 1838 1933 inueni

529 1961 767 2002 altitudinem
802 1959 897 1998 niuis
935 1972 993 2007 14
1044 1958 1134 2010 poll.
1169 1957 1328 1997 crustam
1369 1968 1486 2009 aquae
1524 1956 1743 2009 congelatae
1783 1956 1838 1995 al·

532 2036 614 2066 tam
649 2029 662 2072 ζ
695 2022 790 2077 poll.
831 2030 973 2063 terram
1009 2033 1105 2062 vcro
1143 2021 1263 2075 glacie
1296 2019 1537 2061 constrictam
1573 2021 1617 2060 ad
1641 2019 1841 2074 profundi·

533 2097 656 2131 tatem
693 2099 745 2128 12
783 2084 880 2142 poll.

1700 2144 1844 2189 TEN·
