2044 2735
524 113 614 156 4¹0
805 97 887 141 DE
921 94 1235 141 ALCIBIADE
1267 91 1625 140 CERTAMINIS

521 218 711 275 quendrm
753 216 928 271 equestris
978 217 1036 258 rei
1079 215 1178 256 vltm
1220 214 1382 256 modum
1424 214 1624 255 studiosum
1645 246 1656 265 ,
1706 215 1846 269 quique

519 284 700 325 sumtibus
732 283 859 322 nimiis
890 282 927 321 in
963 294 1049 322 eam
1071 280 1174 321 factis
1206 279 1353 319 attritus
1386 278 1501 318 leuari
1533 280 1679 332 cupiat,
1712 279 1843 332 impe-

520 351 578 389 rio
611 348 739 401 aliquo
780 347 818 385 in
851 345 882 386 {e
915 346 1067 386 collato.
1137 343 1352 384 Alcibiades
1384 341 1418 382 se
1451 355 1528 382 non
1550 343 1718 396 ignarum
1738 342 1843 396 effe,

521 424 636 467 quem
679 409 881 465 fignificare
914 409 985 450 hac
1016 410 1062 450 ad
1097 407 1282 462 populum
1324 408 1497 446 oratione
1539 406 1729 458 voluerit,
1772 407 1845 445 ini-

524 477 581 516 tio
621 476 748 516 statim
791 472 1007 528 profitetur.
1082 472 1122 513 Si
1163 483 1259 511 vero
1296 470 1460 510 velimus
1500 469 1538 510 in
1584 481 1718 522 genere
1770 469 1845 511 hoc

522 539 668 581 dictum
703 540 775 579 effe
794 568 806 588 ‚
840 547 884 578 vt
918 539 1041 591 plures
1074 535 1242 577 eiusdem
1276 533 1513 574 accu131tionis
1545 533 1718 574 auctores
1737 533 1847 576 simul

522 603 736 657 intelligat,
769 612 917 641 vertere
950 602 1103 642 licebit:
1136 612 1178 640 ea
1198 632 1208 651 ‚
1241 608 1396 652 propter
1429 610 1522 651 quae
1563 598 1677 650 vulgo
1720 597 1841 638 tradu-

524 680 607 708 cor.
675 665 773 708 Non
804 666 908 705 enim
944 665 1100 707 Niciam
1133 676 1253 704 vnum
1288 662 1324 701 id
1349 659 1470 701 fecisse
1491 659 1581 713 ,sed
1608 661 1850 704 Alcibiadem

525 730 627 782 effe,
661 731 698 770 in
731 741 846 784 quem
881 730 957 770 iam
993 740 1102 770 antea
1151 724 1423 778 Aristophanes
1464 724 1731 778 lepidillimam
1783 740 1851 769 co.

525 794 722 835 moediam
740 825 752 845 ,
786 792 914 835 Nubes
932 826 944 846 ‚
973 791 1185 846 conscripsit
1205 823 1216 843 ,
1248 800 1292 830 vt
1325 789 1445 841 ipsum
1484 788 1637 841 quidem
1664 788 1817 842 oblique
1840 826 1852 847 ‚

524 857 587 899 sed
621 857 785 911 apertius
816 854 1014 898 Socratem
1033 858 1130 910 apud
1150 854 1336 909 populum
1356 852 1616 892 criminaretur
1633 884 1644 903 ‚
1673 862 1822 896 veteres
1839 889 1860 909 ,Ι

531 922 594 976 qui
627 921 674 961 de
706 932 749 960 ea
781 922 983 962 comoedia
1014 919 1271 961 commentati
1303 915 1412 967 sunt,
1432 926 1504 954 nos
1520 914 1693 954 edocent.
1766 920 1852 959 νο-

529 984 707 1026 cabulum
739 979 966 1038 ἐπιβόητος
1000 985 1040 1024 in
1075 984 1213 1023 bonam
1247 990 1394 1036 partem
1414 990 1492 1018 non
1511 979 1630 1031 accipi
1649 1010 1659 1029 ,
1677 988 1715 1017 et
1743 981 1851 1026 lVL.

531 1047 757 1090 POLLVX
791 1047 879 1088 Lib.
913 1049 965 1089 V.
1000 1047 1089 1090 sest..
1124 1056 1227 1096 159.
1264 1046 1405 1094 docet,
1437 1050 1476 1082 et
1509 1038 1644 1082 Graeci
1674 1039 1863 1088 sermonis,

533 1112 614 1155 vsus
645 1110 863 1155 confirmat.

671 1173 852 1229 Sequitur
880 1181 1010 1219 nune,
1043 1167 1146 1223 quod
1177 1167 1355 1210 maxime
1381 1168 1634 1222 requirimus,
1674 1182 1752 1222 quo
1794 1182 1862 1211 re-›

535 1239 729 1280 strendnm
781 1237 825 1279 sit
877 1230 925 1277 τέ
977 1227 1236 1289 διαπξεωὲς
1283 1229 1360 1281 τῖς
1398 1229 1653 1288 ὄλυμπίαζε
1687 1231 1848 1288 Θεωξίας.

535 1302 668 1346 Docet
699 1315 768 1342 nos
797 1294 1262 1345 HARPOCRATION,
1297 1292 1451 1352 Θεωξούς
1483 1297 1553 1339 dici
1576 1293 1665 1345 τοὺς
1683 1294 1859 1347 algoso-313.

539 1361 910 1421 πεμπομένους,
951 1361 1018 1403 καί
1051 1358 1166 1410 ὁ’λως
1202 1355 1294 1407 τσὺς
1336 1357 1392 1400 τὰ
1429 1359 1504 1401 &eia
1530 1355 1853 1414 Φυλάττσντας,

538 1424 567 1480 ἦ
588 1429 666 1471 τῶν
686 1429 786 1470 θείων
820 1423 1143 1485 Φξοντίζονταςι
1178 1425 1239 1477 qui
1272 1423 1318 1463 ad
1336 1423 1428 1463 deos
1460 1424 1675 1477 legabuntur
1695 1456 1706 1476 ,
1740 1437 1784 1466 vt
1816 1435 1855 1465 et

539 1496 577 1536 in
618 1492 865 1544 vniuersum,
907 1491 970 1545 qui
1011 1501 1085 1540 ea,
1128 1500 1222 1541 quae
1263 1487 1308 1526 ad
1351 1487 1495 1528 diuinas
1538 1500 1592 1527 res
1634 1488 1853 1541 pertinent,

539 1557 752 1599 custodiunt
792 1566 832 1596 et
861 1566 970 1596 curae
1008 1552 1160 1593 habent.
1227 1549 1362 1603 Neque
1396 1550 1459 1590 hic
1492 1550 1609 1590 {olum
1646 1552 1850 1604 intelligen-

539 1621 610 1662 dos
638 1620 708 1660 effe
729 1652 740 1671 ,
773 1620 836 1672 qui
869 1619 915 1658 ad
949 1617 1098 1657 oracula
1137 1614 1413 1664 mittebantur,
1451 1613 1625 1654 discimus
1664 1616 1856 1667 exemplis

540 1683 727 1724 eiusmodi
762 1681 945 1721 sacrarum
980 1679 1231 1731 legationum,
1266 1688 1360 1728 quae
1392 1677 1440 1715 ad
1461 1675 1626 1724 praesens
1657 1681 1851 1728 negotium

543 1746 719 1788 maxime
754 1744 948 1797 quadrant.
1014 1739 1183 1780 Sufficiat
1214 1751 1334 1777 vnum
1354 1738 1543 1777 adduxisse
1562 1770 1572 1787 ,
1590 1739 1689 1790 qnod
1718 1741 1754 1779 T
1758 1742 1854 1781 HV-

545 1805 797 1851 CYDIDES
831 1816 941 1860 atque
959 1799 1331 1844 PLVTARCHVS
1349 1800 1575 1853 descriptum
1597 1802 1824 1854 reliquenint
1844 1838 1854 1856 ‚

544 1873 609 1913 ille
642 1873 795 1926 quidem
830 1870 928 1909 libro
963 1866 1037 1908 111.
1072 1866 1133 1906 hic
1168 1866 1206 1904 in
1241 1864 1382 1914 Nicia,
1416 1865 1480 1903 vbi
1515 1865 1562 1903 dc
1595 1863 1705 1906 infula
1746 1868 1852 1908 Delo

544 1937 690 1977 lustrata
723 1944 761 1974 et
791 1934 941 1987 antiqua
974 1930 1153 1984 religione
1186 1929 1380 1968 instaurati
1419 1929 1551 1980 agitur.
1634 1928 1768 1971 Fuemt
1810 1944 1854 1971 e-

544 2001 629 2041 nim
663 1999 788 2052 priscis
819 1995 1051 2049 temporibus
1085 1994 1121 2032 in
1157 1993 1225 2032 luc
1259 1991 1372 2031 iuliiln
1405 1991 1572 2044 frequens
1614 1992 1852 2035 circumuici·

543 2075 684 2105 uorum
718 2074 771 2103 ex
803 2060 927 2102 insulis
959 2068 998 2099 et
1016 2057 1234 2097 continente
1266 2056 1408 2097 Ionum
1427 2064 1637 2096 conuentus
1654 2089 1664 2108 ‚
1683 2060 1743 2110 qui
1769 2059 1853 2098 illuc

1764 2135 1864 2163 cuma
