2044 2735
519 129 609 171 372
678 116 758 158 DE
788 105 1130 156 GLANDVLIS
1145 106 1475 151 RENALIBVS
1495 103 1829 151 EVsTACHn.

525 235 690 275 lit-atibus
725 241 985 286 praepropere
1017 227 1268 269 determinare
1300 224 1426 277 velle3
1462 233 1509 264 vt
1540 236 1583 264 ea
1616 226 1662 266 de
1695 237 1735 265 re
1762 236 1830 265 va-

523 300 600 338 riae
641 297 839 336 sententiae
879 293 1061 334 hactenus
1102 291 1343 343 excogitatae
1363 321 1373 339 ,
1407 298 1446 328 et
1477 288 1517 326 in
1550 287 1675 329 lucem
1708 289 1831 329 editae

522 362 701 411 suerunt,
743 370 899 412 quarum
944 358 1015 397 hae
1055 356 1149 395 duae
1190 354 1412 407 praecipuae
1454 351 1563 402 sunt,
1597 364 1738 405 nempe
1770 364 1830 392 re-

526 436 595 463 nes
634 423 921 463 succenturiatos
961 419 1060 460 haud
1101 419 1200 458 (ecus
1239 428 1356 470 quam
1399 415 1598 455 nonnullas
1636 427 1760 469 partes
1791 417 1831 455 in

526 485 575 527 C.
612 488 663 527 H.
695 488 742 526 ad
773 485 892 525 foetus
925 483 1157 537 peculiarem
1191 490 1229 521 et
1247 481 1435 533 priuatum
1462 478 1569 518 vsum
1597 479 1833 519 constructos

524 548 633 591 fuisse
653 582 663 602 ‚
697 550 769 590 hos
800 560 895 602 quae
928 547 1013 601 post
1044 555 1195 600 partum
1214 577 1224 597 ,
1256 553 1296 583 et
1328 552 1412 582 toto
1446 543 1548 581 vitae
1580 542 1735 583 decursu
1767 543 1833 582 de<

525 613 689 655 crescere
721 624 758 653 et
791 613 1024 664 impotentes
1055 609 1148 649 fieri.
1220 621 1260 646 2.
1296 604 1418 646 Certo
1452 606 1567 645 ductu
1612 606 1836 647 excretorio

525 689 637 717 renes
668 675 952 716 succenturiatos
984 673 1174 727 praeditos
1207 669 1295 711 effe.
1334 670 1496 719 Fateor,
1530 670 1630 709 inter
1661 669 1830 710 foetuum

526 751 567 781 et
601 740 815 781 adultorum
847 749 955 778 renes
985 736 1273 777 succenturiatos
1304 733 1467 786 aliquam
1493 731 1746 773 differentiam
1765 744 1834 772 oca

525 816 680 845 currere
701 836 711 855 ,
745 814 909 852 verum,
943 810 988 840 vt
1022 799 1120 840 mihi
1152 811 1252 839 nunc
1285 798 1463 848 videtur,
1505 806 1583 836 tam
1616 810 1732 850 parua
1763 796 1831 836 dif-

524 866 681 908 ferentia
714 867 765 906 est
785 899 796 917 ‚
830 860 860 906 'si
894 877 983 904 cum
1019 863 1119 903 istius
1153 863 1261 903 modi
1295 860 1461 914 partibus
1500 872 1654 913 quarum
1689 861 1832 914 pracci-

524 943 620 985 puus
661 929 747 970 vsus
787 930 824 968 in
853 928 958 967 foetu
1008 926 1224 980 perspectus
1264 925 1348 976 est,
1391 924 1689 977 earumdemque
1740 924 1834 963 stru-

523 994 631 1034 &ura
665 991 926 1042 conferamus,
961 999 1006 1030 vt
1037 989 1136 1030 haud
1168 989 1314 1030 maiore
1347 989 1455 1038 iure,
1491 986 1553 1027 hic
1571 988 1715 1027 attendi
1749 986 1835 1040 pos-

521 1057 559 1098 se
593 1056 762 1097 videatur
781 1088 792 1107 ,
834 1066 950 1109 quam
995 1052 1203 1093 istiusmodi
1252 1052 1463 1092 discrimina
1484 1083 1495 1101 ,
1537 1062 1631 1104 quae
1671 1060 1758 1090 ante
1793 1062 1834 1092 et

522 1119 725 1174 postquam
759 1119 886 1159 homo
928 1117 967 1156 in
1001 1116 1128 1157 lucem
1159 1116 1283 1156 editus
1319 1115 1392 1167 est,
1425 1115 1524 1154 circa
1557 1123 1718 1154 caeteras
1748 1126 1837 1166 par-

523 1192 582 1224 tes
616 1182 866 1223 obseruantur.
930 1179 1131 1220 Praeterea
1163 1180 1242 1219 iure
1274 1179 1489 1232 meritoque
1529 1190 1588 1217 res
1620 1177 1684 1217 hic
1715 1178 1835 1218 aduo-

522 1247 635 1287 tanda
668 1247 749 1298 est,
781 1258 896 1300 quam
929 1243 968 1283 iu
1002 1243 1336 1297 supramemoratis
1366 1241 1739 1296 peruestigationibus
1761 1241 1836 1281 cir-

523 1321 571 1350 ca
604 1309 837 1363 multiplices
866 1308 965 1348 renis
997 1307 1286 1347 succenturiatos
1304 1303 1605 1347 animaduertiffe
1625 1304 1722 1344 mihi
1740 1317 1836 1345 con-

523 1374 612 1426 tigit
632 1407 642 1424 ,
678 1385 822 1426 nempe
855 1373 1019 1413 maiores
1049 1381 1086 1411 et
1119 1371 1289 1410 minores
1329 1381 1438 1410 renes
1467 1369 1752 1410 succenturiatos
1778 1370 1834 1408 iu-

521 1444 581 1476 ter
613 1436 647 1476 se
677 1433 835 1476 minime
869 1435 1102 1485 conuenire,
1135 1442 1175 1473 et
1206 1434 1357 1486 quidem
1392 1434 1499 1473 iuxta
1530 1432 1835 1485 supramemora-

522 1508 605 1539 tam
638 1499 853 1540 doctrinam
887 1498 1097 1538 deberent:
1133 1496 1303 1538 Maiores
1334 1497 1442 1536 enim
1473 1497 1534 1549 qui
1563 1505 1650 1535 ante
1684 1505 1834 1547 partum

524 1563 753 1603 tumidiores
791 1562 1057 1612 obstruantur,
1099 1573 1199 1601 nuuc
1232 1570 1275 1600 vt
1310 1561 1481 1613 placenta
1515 1559 1653 1599 similes
1684 1557 1834 1610 depres-

521 1625 634 1667 fiores
666 1636 706 1666 et
735 1624 927 1678 irregulari
966 1624 1083 1678 figura
1116 1624 1215 1677 apud
1245 1623 1388 1664 adultos
1430 1622 1510 1662 sunt
1545 1622 1729 1673 praediti:
1785 1620 1831 1660 In

523 1689 736 1729 minoribus
768 1698 904 1728 contra
947 1688 1092 1727 nullum
1128 1688 1411 1727 decrementum
1448 1686 1657 1738 perspicere
1690 1685 1832 1736 potui,

522 1750 585 1792 sed
624 1750 802 1804 aequales
843 1760 883 1790 et
922 1749 1159 1790 inuariabiles
1208 1747 1450 1802 permansisse
1480 1748 1578 1788 mihi
1623 1747 1690 1787 visi
1733 1749 1828 1786 sunt.

523 1816 634 1871 Quae
667 1827 754 1855 cum
789 1815 838 1854 ita
872 1813 971 1865 fint,
1001 1813 1095 1853 certi
1130 1812 1196 1852 vel
1227 1812 1288 1852 illa
1320 1812 1548 1864 impotentia
1581 1823 1716 1851 renum
1752 1810 1831 1850 suc-

521 1878 824 1919 centuriatorum
868 1877 953 1930 post
997 1888 1148 1931 partum
1191 1875 1411 1929 imaginaria
1452 1875 1536 1925 est,
1569 1875 1630 1914 vel
1666 1874 1833 1914 maiores

520 1943 707 1982 duntaxat
740 1953 849 1981 rencs
882 1941 1115 1994 impotentes
1146 1939 1226 1980 fieri
1245 1973 1254 1989 ‚
1291 1940 1457 1979 minores
1489 1949 1623 1978 contra
1657 1948 1742 1978 toto
1769 1938 1830 1977 vi-

521 2015 582 2046 tae
621 2005 774 2046 decursu
818 2005 859 2044 vi
890 2014 930 2044 et
960 2004 1132 2045 fficultatc
1165 2004 1358 2045 ac'tionem
1400 2003 1604 2043 exercendi
1640 2002 1831 2055 praeditos

515 2067 595 2114 effe
636 2068 877 2127 prodendum
920 2067 1003 2110 est:
1045 2080 1160 2126 quam
1201 2067 1418 2109 doctrinam
1459 2066 1636 2124 prosecto
1677 2066 1716 2106 in
1747 2064 1829 2107 :mi-

1716 2140 1827 2172 mum
