2044 2735
546 121 634 160 302
670 106 750 147 DE
776 96 1168 146 PERFICIENDIS
1196 97 1410 144 MAPPIS
1439 95 1854 142 GEOGRAPHICIS

541 215 802 270 geographicis
842 213 1076 268 perspecltina
1115 210 1253 263 affert,
1297 218 1342 251 vt
1379 213 1621 263 remedium,
1662 210 1689 252 fi
1732 213 1854 266 quod-

541 282 630 321 dam
674 279 775 319 adest
816 278 1037 318 adhibeatur
1078 274 1226 316 necesse
1269 274 1334 314 cst.
1400 273 1442 315 Si
1475 288 1571 316 vero
1607 275 1705 316 nulla
1737 287 1794 316 ars
1819 278 1853 318 ei

542 344 687 397 prorfirs
734 342 904 382 tollendo
953 354 1023 395 par
1074 340 1126 380 est
1151 371 1162 390 ‚
1219 340 1296 380 ere
1315 338 1369 379 est
1388 348 1432 378 vt
1463 350 1612 381 tantum
1662 339 1850 392 praestet,

537 418 721 461 quantum
755 406 937 461 praestare
970 405 1086 445 valet.
1154 403 1239 445 Nisi
1268 403 1433 443 obtineri
1465 402 1578 457 poffit
1601 436 1611 455 ‚
1642 412 1687 442 vt
1718 402 1851 443 distan-

539 472 613 511 tiae
655 470 753 523 ipne
795 480 835 510 et
870 469 1033 509 chordae
1067 467 1322 507 distantiarum
1358 465 1642 516 exhibeantur,
1675 466 1853 507 laboran-

538 535 630 574 dum
666 544 820 584 tamen,
854 542 896 573 rt
927 543 1092 586 mappae
1135 531 1204 571 sint
1245 530 1293 570 fic
1328 530 1563 584 compositae
1605 540 1644 570 et
1674 539 1820 582 aptatae
1843 562 1853 581 ,

538 607 585 638 vt
620 610 671 638 ex
706 597 750 637 iis
783 597 881 637 facili
916 596 1075 649 negotio
1108 594 1584 646 distantiaeinueni-antur,
1621 594 1851 636 cauendum-

538 674 611 715 que
644 660 768 701 sedulo
789 691 800 712 ,
833 672 880 700 ne
913 658 1059 701 calculo
1091 658 1259 698 taedioso
1291 657 1443 699 artificii
1474 659 1553 698 laus
1588 656 1741 698 vilescat
1767 669 1850 699 eua-

537 725 746 778 nescatque.

650 821 684 869 ξ.
711 834 751 871 5.
790 817 892 860 Cum
927 817 1035 858 dietis
1069 817 1328 857 incommodis
1346 829 1510 870 mappae
1536 815 1817 869 geographicae
1838 848 1850 867 ,

536 895 629 936 quae
662 884 844 925 haetenus
870 884 909 922 in
937 880 1000 921 vsu
1031 880 1110 920 sunt
1129 913 1139 931 ,
1172 880 1340 920 laborent
1367 880 1539 933 nullaque
1566 878 1851 919 deformationis

533 945 739 989 methodus
770 949 921 987 inuenta
955 944 998 985 fit
1018 977 1028 995 ,
1063 955 1186 996 neque
1220 943 1378 983 inueniri
1400 942 1507 997 posse
1542 944 1742 993 videatur,
1778 954 1849 995 qua

532 1009 640 1050 simul
672 1023 793 1052 omne
814 1044 824 1062 ‚
867 1008 968 1063 quod
1000 1008 1046 1048 ad
1080 1006 1354 1059 perfectionem
1389 1019 1614 1060 mapparum
1634 1006 1850 1059 requiritur,

532 1071 667 1125 perfici
703 1074 817 1127 pollit
838 1105 848 1123 ,
882 1083 948 1111 eae
982 1081 1147 1122 mappae
1180 1070 1324 1122 reliquis
1358 1070 1432 1108 sine
1474 1071 1589 1109 dubio
1624 1069 1705 1108 sunt
1742 1073 1878 1122 prae-‘

532 1135 704 1177 ferendae
724 1169 734 1188 ,
768 1149 864 1191 quae
895 1132 1095 1173 vtilissimis
1138 1132 1433 1183 problematibus
1476 1132 1657 1172 soluendis
1690 1131 1847 1170 idoneae

531 1199 646 1251 fi1nt3
681 1213 776 1255 quae
809 1200 835 1240 si
867 1197 960 1238 nulla
994 1195 1086 1235 aliae
1122 1195 1231 1247 lunt,
1264 1208 1378 1249 quam
1413 1208 1480 1237 eae
1513 1197 1642 1249 ipsae,
1677 1206 1770 1247 quae
1797 1193 1851 1234 se-

531 1263 697 1305 cundum
733 1262 989 1318 perspeffiuae
1022 1260 1123 1312 leges
1140 1258 1399 1300 deformantur
1427 1294 1438 1312 ,
1478 1260 1607 1300 idonei
1631 1258 1739 1299 modi
1766 1256 1851 1311 sup-

529 1327 723 1380 peditandi
756 1327 864 1378 sunt,
897 1324 1031 1379 quibus
1064 1322 1143 1375 apti
1178 1323 1382 1365 reddamur
1402 1357 1412 1377 ,
1446 1333 1489 1363 vt
1526 1321 1757 1378 imperfectis
1790 1321 1851 1362 his

531 1392 681 1444 mappis
712 1389 925 1432 commode
957 1387 1014 1426 vti
1050 1384 1242 1439 poffimus.

645 1485 679 1532 ξ.
700 1488 742 1524 6.
779 1485 865 1537 Ego
895 1484 1063 1536 aliquam
1098 1484 1135 1522 in
1170 1481 1240 1522 hac
1270 1494 1312 1522 re
1338 1494 1496 1536 operam
1540 1491 1740 1522 nauaturus
1775 1480 1848 1520 sca-

529 1547 585 1588 las
633 1549 816 1589 consuetis
867 1548 1018 1601 mappis
1060 1547 1226 1597 addam,
1263 1558 1422 1599 quarum
1465 1546 1611 1586 auxilio
1651 1545 1846 1585 distantiae

527 1623 643 1652 verae
673 1612 850 1654 locorum
884 1611 1043 1652 inueniri
1077 1619 1260 1664 poterunt
1278 1641 1290 1661 ,
1319 1609 1394 1650 sine
1428 1610 1512 1649 loca
1544 1609 1616 1649 sint
1644 1608 1684 1647 in
1706 1608 1846 1647 eodem

531 1675 738 1727 paralleIO,
771 1675 845 1716 siue
879 1676 919 1715 in
950 1675 1131 1728 diuersis,
1173 1672 1248 1712 flue
1288 1673 1454 1713 eiusdem
1495 1671 1738 1725 longitudinis
1770 1670 1843 1710 siue

529 1737 709 1779 diuersae.

644 1833 679 1881 ς.
700 1843 742 1883 7.
776 1830 877 1874 Cum
910 1832 1100 1873 distantiae
1131 1832 1306 1873 locorum
1340 1832 1411 1874 sint
1445 1842 1571 1887 partes
1598 1829 1842 1886 peripheriae

528 1896 660 1937 circuli
702 1897 840 1938 telluris
880 1898 1046 1938 maximi
1090 1896 1189 1936 inter
1231 1897 1342 1950 loca,
1382 1909 1548 1950 quorum
1581 1896 1753 1937 distantia
1789 1895 1842 1936 est

526 1959 772 2014 definienda,
823 1961 953 2002 omnis
992 1961 1097 2002 labor
1137 1960 1177 2001 in
1211 1958 1287 2002 hoc
1328 1961 1503 2004 consistet
1530 1994 1541 2014 ‚
1585 1971 1631 2002 vt
1675 1971 1741 2000 eae
1785 1957 1840 1998 in-

526 2033 733 2067 ueniantur.

1733 2119 1770 2169 ξ.
1796 2124 1835 2163 8.
