2044 2735
522 127 608 177 196
835 119 916 162 DE
945 115 1111 162 SONIS
1147 111 1535 163 MJ'LTIFARHS

520 240 729 282 consonum
775 238 814 278 in
865 236 1142 289 clunicymbnlo
1193 235 1426 289 obseruaui3
1473 237 1651 290 idemque
1702 239 1836 280 deinde

523 305 596 345 feci
632 305 780 344 ratione
814 302 1004 342 nodorum
1035 310 1075 340 et
1108 301 1286 340 sonorum
1322 300 1474 354 reliquis
1517 300 1642 353 figuris
1683 306 1836 356 respon-

523 368 729 419 dentium·⁷
768 375 847 407 tum
882 365 1044 405 collatos
1075 365 1175 404 inter
1209 365 1242 403 se
1274 365 1384 403 sonos
1416 365 1583 404 numeris
1618 366 1778 417 expreffi
1799 375 1838 406 et

524 431 626 473 mihi
667 431 751 470 sane
794 428 916 469 visum
951 428 1005 468 est
1039 428 1124 482 post
1159 428 1290 467 crebra
1324 428 1563 478 tentamina,
1599 426 1708 468 sonos
1750 430 1838 470 istos

522 507 638 550 quam
686 493 871 547 proxime
914 494 948 531 se
990 492 1128 532 habere
1170 500 1214 530 vt
1256 490 1443 530 indicatur
1484 492 1503 540 ξ
1554 491 1672 531 XIV.
1710 493 1760 532 ita
1794 505 1834 533 v.

524 572 579 613 gr.
616 557 789 597 dist¹nete
826 556 980 610 percepi
1014 555 1144 595 sonum
1179 553 1320 607 figurae
1354 564 1506 607 quartae
1547 552 1625 595 effe
1667 554 1746 595 soni
1790 555 1839 596 fi-

524 633 637 676 gurae
674 623 820 674 primae
855 618 1099 659 vndecimam
1131 619 1321 657 minorem
1356 616 1553 671 plusquam
1582 619 1835 673 completam,

523 686 627 740 qnod
659 685 764 725 idem
799 692 839 723 et
870 682 1008 723 indicat
1043 681 1179 721 tabella
1213 682 1388 721 sonorum
1420 681 1592 721 exhibita
1628 683 1660 730 §.
1682 681 1799 724 XIV.

644 749 784 790 Fateor
814 756 942 787 tamen
987 745 1088 799 quod
1129 745 1167 783 in
1210 745 1329 797 virgis
1367 743 1558 795 chalybeis
1598 745 1837 787 cramus-,culis

523 811 727 866 aliquando
759 812 839 851 {oni
875 808 1156 863 progrediendo
1198 820 1219 847 a
1249 807 1473 860 grauisfimis
1515 809 1609 847 sonis
1641 810 1686 848 ad
1721 811 1833 850 acuti-

526 888 614 917 ores
632 909 643 927 ,
676 874 717 915 hi
753 875 792 914 in
833 874 980 913 ratione
1017 872 1146 926 paullo
1176 871 1316 911 maiori
1350 871 1542 911 creuerint
1574 884 1686 925 quam
1717 874 1837 913 tabel-

526 938 565 979 la
598 939 765 988 indicat,
806 936 909 990 qnod
949 936 1165 976 maximam
1199 944 1350 987 partem
1384 933 1556 975 crassitiei
1590 935 1718 987 virgae
1742 967 1752 986 ,
1787 937 1834 977 ad

527 1015 643 1056 qnam
686 1001 828 1040 nullam
869 1000 1125 1039 attentionem
1168 997 1352 1049 fecimus,
1391 998 1584 1038 adscribo:
1620 1011 1698 1051 qno
1732 1001 1834 1039 enim

527 1065 610 1106 sunt
646 1066 775 1117 virgae
806 1062 1022 1114 craffiores,
1055 1074 1106 1101 eo
1139 1062 1348 1101 acutiorem
1381 1061 1514 1102 sonum
1554 1061 1703 1114 edunt·‚
1740 1063 1837 1102 cras-

526 1130 627 1170 fities
659 1138 788 1168 autem
828 1127 1004 1180 quamvis
1036 1125 1170 1165 eadem
1210 1124 1253 1164 sit
1286 1126 1322 1164 in
1356 1125 1490 1165 eadem
1534 1126 1667 1176 virga,
1703 1135 1836 1167 tamen

524 1194 565 1234 in
609 1190 820 1232 minoribus
861 1190 1055 1229 nodorum
1096 1187 1278 1228 distantiis
1318 1187 1449 1228 sonum
1491 1188 1609 1240 magis
1640 1187 1837 1229 intendere

527 1255 684 1310 potest,
725 1266 840 1309 qnam
880 1264 972 1294 cum
1015 1250 1108 1292 nodi
1147 1251 1285 1293 maiori
1316 1251 1519 1293 interuallo
1552 1264 1572 1292 a
1604 1251 1638 1292 sc
1671 1251 1837 1296 inuicem

529 1319 677 1362 distant.

1760 2135 1843 2184 DE
