2044 2735
399 113 475 156 ET
502 108 1019 157 CONTRACTIONEM
1052 112 1338 156 PTPILLAE
1431 126 1517 165 355

333 231 368 278 §.
409 235 474 270 16.
512 231 626 284 Prop.
664 231 757 272 VII.
792 232 947 272 Humor
980 243 1114 285 aqueus
1145 232 1197 272 est
1232 232 1374 273 humor
1405 233 1534 285 limpi-

214 294 408 346 dissimus,
442 307 610 334 cameras
643 295 742 335 oculi
776 295 929 348 replens
949 328 958 345 ,
992 296 1051 335 cui
1086 297 1148 334 iris
1184 298 1355 348 innatat,
1392 306 1431 336 et
1465 309 1533 350 per

214 351 326 413 quem
360 359 454 398 radii
495 359 585 398 lucis
618 359 654 398 in
688 359 846 398 oculum
880 357 1070 398 illabentes
1104 360 1344 399 traiiciuntur.

332 423 366 469 ξ.
410 432 480 469 17.
519 422 632 475 Prop.
670 421 784 462 VIII.
823 422 960 472 Imago
1001 422 1114 474 igitur
1155 423 1259 462 iridis
1300 422 1530 462 considerari

214 486 327 526 debet
347 516 358 536 ‚
392 496 571 539 quatenus
605 497 656 524 ex
690 485 820 524 medio
853 483 1026 523 densiore
1060 497 1131 537 per
1162 486 1336 525 medium
1372 487 1531 537 tenuius,

215 551 398 590 nimirum
431 561 480 588 ex
513 548 674 588 humore
709 560 832 601 aqueo
852 579 862 598 ‚
897 546 956 586 cui
992 547 1136 588 innatat
1156 580 1166 600 ,
1199 560 1270 601 per
1301 560 1430 588 aerem
1450 550 1533 603 spe-

214 613 349 653 (tanda
381 612 488 651 nobis
521 612 707 651 obiicitur.

331 677 365 724 ξ.
407 681 476 716 18.
513 674 625 727 Prop.
662 674 740 715 IX.
776 673 888 715 Radii
922 673 1012 714 lucis
1045 686 1095 714 ex
1129 674 1262 715 medio
1296 675 1471 716 tenuiore
1493 677 1531 717 in

215 738 361 778 densius
402 738 689 792 progredientes
731 738 959 777 inclinantur
1001 738 1046 777 ad
1090 739 1437 791 perpendiculum,
1479 752 1530 780 cx

212 801 384 842 densiore
434 813 530 840 vero
579 801 618 840 in
666 802 815 841 tenuius
843 833 853 852 ,
899 800 1135 841 declinantur
1172 814 1193 841 a
1242 803 1531 856 perpendiculo.

214 866 462 921 Quapropter
493 864 610 904 etiam
642 866 748 905 iridis
781 866 911 916 imago
931 896 941 915 ,
975 865 1067 904 dum
1102 876 1173 918 per
1190 864 1396 906 humorem
1419 879 1529 920 aque-

213 942 281 969 um
302 962 312 980 ,
347 929 513 968 tunicam
549 940 730 969 corneam
767 937 805 967 et
838 939 966 968 aerem
1000 928 1274 970 intermedium
1314 930 1500 972 traiicitur
1519 963 1530 983 ‚

214 993 347 1033 iisdem
383 991 614 1032 refrac'tionis
653 991 798 1045 legibus
830 991 999 1031 obnoxia
1032 992 1098 1033 est.

330 1050 367 1098 ξ.
406 1068 475 1104 19.
511 1055 626 1107 Prop.
659 1057 715 1096 X.
750 1056 905 1095 Humor
936 1067 1073 1109 aqueus
1116 1055 1284 1097 eiusdem
1323 1069 1532 1112 propemo-

213 1121 306 1162 dum
340 1119 523 1160 densitatis
541 1118 752 1160 aestimatur
781 1131 871 1159 curn
906 1131 996 1172 aqua
1026 1131 1131 1172 pura.

333 1183 368 1231 §.
410 1195 481 1221 20.
514 1182 629 1236 Prop.
666 1182 742 1223 XI.
780 1181 890 1222 Sinus
920 1182 1046 1234 anguli
1081 1182 1306 1223 incidentiae
1340 1184 1385 1224 ad
1412 1184 1535 1225 smum

216 1247 342 1300 anguli
378 1246 614 1286 refrac‘tionis
646 1246 697 1286 est
729 1246 769 1285 in
803 1247 948 1286 ratione
982 1246 1204 1297 constante,
1238 1256 1278 1286 et
1311 1259 1331 1286 a
1365 1247 1535 1299 Physicis

217 1312 327 1351 datur
360 1322 412 1350 ex
444 1323 530 1350 aere
562 1310 599 1349 in
633 1322 770 1364 aquam
799 1342 809 1360 ,
841 1319 885 1349 vt
920 1322 1025 1360 4³:3-
1095 1307 1247 1350 Affumi
1282 1311 1393 1363 igitur
1411 1312 1535 1364 potest

217 1375 314 1416 sinus
348 1375 471 1427 anguli
508 1373 730 1413 incidentiae
764 1373 867 1413 iridis
900 1373 946 1413 ad
978 1373 1095 1412 sinum
1127 1373 1255 1426 anguli
1297 1373 1535 1416 refractionis

218 1451 268 1479 ex
302 1438 466 1478 humore
499 1449 621 1489 nqueo
656 1437 694 1476 in
727 1448 853 1477 aerem
875 1469 885 1488 ,
919 1446 962 1476 vt
995 1449 1098 1487 314.

332 1502 368 1550 ξ.
407 1514 476 1541 21.
512 1500 854 1554 Experimentum.
925 1499 1137 1553 Implentur
1156 1499 1311 1554 sphaera
1330 1501 1453 1542 vitrea
1470 1515 1534 1544 ca·

218 1577 266 1605 va
286 1598 296 1616 ,
330 1566 395 1605 vel
427 1566 559 1617 lagena
591 1564 708 1604 fluido
738 1563 988 1617 qualicunque
1023 1564 1242 1617 pellucido,
1275 1578 1308 1606 e.
1330 1578 1387 1618 gr.
1426 1579 1531 1619 aqua,

218 1639 258 1669 ct
292 1629 519 1669 immittatur
554 1640 690 1680 corpus
721 1627 902 1681 aliquod,
935 1639 969 1666 e.
1005 1640 1060 1680 gr.
1097 1627 1231 1680 globus
1274 1630 1338 1668 vel
1376 1629 1534 1670 annulus

215 1705 334 1748 vsque
367 1693 405 1732 in
440 1692 611 1732 medium
645 1691 852 1744 iphaerae:
888 1701 965 1743 quo
997 1690 1145 1743 longius
1176 1691 1322 1731 distabit
1348 1690 1425 1732 hoc
1447 1705 1534 1734 cor-

217 1769 287 1810 pus
329 1769 350 1797 a
392 1756 539 1810 puncto
582 1754 793 1809 liiperficiei
834 1753 1045 1807 sphaerae,
1089 1766 1139 1794 eo
1173 1755 1296 1795 maius
1328 1755 1419 1796 illud
1452 1757 1533 1810 spc-

217 1820 352 1861 c‘tatori
382 1819 608 1874 apparebit3
644 1831 720 1873 quo
753 1818 909 1875 propius
937 1817 1087 1858 distabit
1108 1850 1120 1871 ‚
1162 1830 1210 1859 eo
1250 1819 1374 1860 minus
1412 1833 1532 1875 appa-

218 1884 330 1923 rebit.

336 1948 370 1994 §-
410 1959 478 1986 22.
514 1943 712 1987 Scholium
745 1946 822 1988 111.
858 1942 1058 1988 Sufficeret
1099 1945 1177 1987 hoc
1218 1947 1529 2000 experimentum

219 2008 266 2049 ad
301 2009 635 2050 demonstrandum
655 2043 665 2059 ,
697 2011 801 2064 quod
832 2010 1018 2051 diameter
1048 2010 1214 2065 pupillae
1249 2011 1374 2050 maior
1414 2022 1527 2063 appa-

218 2085 299 2113 rere
332 2073 465 2114 debeat
485 2105 495 2125 ,
527 2074 677 2127 quando
709 2074 773 2116 iris
808 2073 992 2114 vndulans
1022 2075 1070 2116 ad
1102 2074 1247 2115 lentem
1274 2073 1529 2125 crystallinam

785 2137 826 2179 Y
848 2149 874 2189 y
896 2149 919 2175 2
1423 2148 1533 2177 acce-
