2044 2735
457 90 820 138 LAMINARVM
861 91 1261 138 ELASTICARVM
1431 105 1483 135 10
1488 107 1515 145 9

201 212 393 256 isochroni
427 227 518 255 cum
551 212 825 254 vibrationibus
864 213 1027 254 laminae
1060 214 1218 254 inueniri
1253 211 1379 267 possit.
1447 212 1516 254 Est

203 286 370 326 nimium
417 286 588 338 potentia
632 285 830 324 elemento
865 281 933 337 Gg
967 287 1154 338 applicata
1195 299 1251 324 Ξ
1287 279 1410 337 {xC
1431 287 1515 338 dx,

203 347 476 403 pondusculum
496 359 626 388 autem
647 349 812 388 eiusdem
830 348 1013 388 elementi
1047 349 1098 388 est
1132 362 1188 388 Ξ
1211 349 1357 404 gdx:
1393 351 1517 390 siiam

202 412 366 465 fingatur
407 412 528 452 subito
563 412 780 451 euanescere
829 424 967 451 omnes
1002 414 1195 465 potentias
1227 414 1407 453 laminam
1445 426 1516 453 ex-

202 476 362 516 trorlum
382 475 584 526 trahentes,
618 476 691 514 erit
728 475 858 527 vtique
892 476 949 514 vis
981 475 1213 516 elementum
1247 473 1317 529 Gg
1351 477 1515 518 insitum

204 551 280 606 Fs
303 550 498 591 restituens
527 563 584 589 T..-
615 540 644 598 Ξ
665 562 682 581 ><
704 544 742 587 G
762 547 831 586 dx
850 578 860 596 ,
894 559 989 598 quae
1032 547 1057 587 fi
1091 548 1280 588 diuidatur
1312 560 1382 600 per
1416 561 1517 601 pon-

203 607 392 655 dulculum
448 613 510 654 seu
555 609 757 654 maffulam
802 610 1014 662 elementi,
1066 611 1105 650 id
1144 612 1229 664 est,
1270 623 1340 664 per
1365 612 1518 664 gdx,

203 678 397 719 habebitur
448 678 507 717 vis
544 675 756 717 accelerans
806 673 917 713 huius
958 674 1171 728 elementi,
1213 687 1310 729 quae
1351 676 1515 729 proinde

204 751 272 790 erit
305 761 360 787 z
391 736 474 808 g—Zz
527 746 630 785 vnde
671 742 699 783 fi
739 743 938 795 longitudo
965 745 1126 797 quaesita
1154 744 1311 798 penduli
1348 744 1518 786 ilochro·

203 816 242 855 ni
275 811 456 865 simplicis
488 809 634 850 dicutur
675 806 709 846 L
731 839 741 858 ,
776 816 1014 860 ponaturque
1046 807 1155 848 huius
1187 807 1342 862 penduli
1376 808 1518 849 distan-

201 878 253 916 tia
287 888 307 915 a
341 875 438 915 linea
471 872 644 913 verticuli
680 870 822 925 pariter
853 883 909 909 Ξ
942 870 1013 913 GF
1032 885 1128 924 :y
1147 904 1158 923 ,
1200 881 1358 926 oportet
1392 882 1436 911 vt
1470 885 1518 913 v-

200 939 375 993 trobique
408 939 510 978 vires
542 936 786 977 accelerantes
825 933 896 974 sint
926 936 1025 975 inter
1064 937 1098 975 se
1131 936 1329 990 aequales:
1366 935 1420 975 est
1453 948 1518 976 au-

200 1022 283 1052 tem
319 1020 405 1050 tunc
448 1009 507 1048 vis
549 1005 760 1061 pendulum
795 1005 966 1059 simplex
997 1007 1211 1048 accelerans
1244 1020 1300 1047 :-
1333 1000 1389 1061 {—:
1425 1019 1523 1062 ergo

201 1081 363 1123 habetur
394 1069 597 1141 g—{z{,
630 1079 690 1119 seu
726 1079 760 1119 L
794 1092 850 1118 z
884 1071 945 1131 ἐξ.

319 1145 352 1192 §.
377 1148 419 1182 6.
455 1144 562 1183 Haec
606 1144 684 1182 iam
727 1141 940 1182 sufficerent
969 1142 1018 1182 ad
1047 1142 1175 1196 plures
1219 1143 1473 1197 proprietates
1506 1176 1522 1196 ,

202 1208 331 1262 qnibus
371 1207 626 1246 oscillationes
666 1205 755 1245 istae
796 1206 960 1258 gaudent
982 1238 993 1257 ,
1025 1205 1350 1258 determinandas,
1378 1220 1518 1248 'verum

203 1272 335 1311 omnia
386 1270 464 1308 crui
507 1280 690 1322 requeunt
718 1301 728 1321 ‚
770 1269 836 1309 nisi
868 1269 970 1321 prius
1001 1269 1176 1322 aequatio
1219 1283 1293 1323 pro
1326 1283 1438 1310 curua
1471 1269 1519 1311 ad

203 1334 430 1387 quantitates
461 1331 583 1372 finitas
613 1333 723 1372 fuerit
756 1332 910 1372 reduc‘ta
930 1365 940 1383 ,
983 1331 1168 1385 simulque
1209 1335 1268 1373 vis
1301 1334 1522 1374 elasticitatis

204 1393 364 1450 alffoluta
404 1397 680 1449 experimento
719 1395 828 1435 firerit
880 1396 1110 1448 explorata:
1146 1394 1193 1435 In
1228 1396 1305 1436 hoc
1339 1409 1520 1437 momen-

206 1470 287 1500 tum
329 1460 382 1499 rei
426 1469 551 1499 totum
594 1459 759 1511 positum
804 1459 880 1498 est:
925 1458 1117 1511 Incipiam
1168 1459 1214 1498 ab
1255 1461 1520 1513 aequationis,

203 1536 298 1577 quae
329 1522 484 1576 quidem
526 1523 649 1575 quarti
683 1522 826 1562 ordinis
859 1522 913 1562 est
933 1555 944 1574 ,
988 1521 1211 1562 reductione
1245 1523 1291 1563 ad
1333 1525 1520 1576 quantita-

208 1596 263 1626 tes
282 1585 424 1626 finitas:
454 1598 523 1625 nec
544 1586 649 1625 enim
672 1586 797 1638 potest
816 1587 991 1638 aequatio
1007 1585 1130 1624 nostra
1160 1586 1437 1638 generalissima
1472 1587 1521 1627 ad

207 1650 355 1704 quosuis
389 1649 490 1689 casus
510 1650 754 1702 particulares
774 1650 967 1704 applicari,
1004 1649 1069 1689 nisi
1088 1649 1253 1702 cognitis
1279 1651 1380 1702 prius
1401 1662 1519 1704 quan-

205 1713 374 1754 titatibus
394 1712 659 1763 constantibus,
697 1725 789 1766 quae
807 1712 894 1766 post
914 1713 1087 1766 quamuis
1126 1713 1418 1766 integrationem
1455 1714 1520 1754 ad-

207 1778 401 1817 iiciuntur:
422 1777 573 1829 praeuia
592 1777 705 1828 igitur
724 1777 957 1829 aequationis
977 1775 1200 1816 reductione
1227 1777 1273 1816 ad
1293 1778 1521 1830 quantitates

207 1840 328 1881 finitas
337 1840 499 1879 omnino
519 1852 616 1893 opus
636 1840 700 1879 est.
723 1837 888 1894 Duplex
907 1850 1034 1880 autem
1055 1839 1152 1882 mihi
1172 1841 1310 1880 modus
1328 1841 1380 1881 est
1400 1841 1520 1882 hanc-

208 1916 253 1944 ce
272 1903 456 1942 istituendi
483 1904 767 1943 reductionem:
807 1904 901 1944 alter
924 1917 993 1957 per
1010 1905 1130 1954 series,
1150 1917 1265 1957 quem
1301 1905 1353 1944 ob
1384 1904 1520 1945 calculi

211 1965 530 2006 commoditatem
553 1966 624 2006 fere
660 1967 841 2020 praefero,
875 1967 967 2007 alter
1000 1978 1094 2020 pure
1128 1968 1414 2019 geometricus,
1456 1969 1521 2023 qui

212 2028 250 2069 in
283 2029 532 2082 integratione
563 2030 726 2073 absoluta
757 2031 934 2071 confistit.
1000 2030 1288 2074 Reduffionem
1322 2031 1420 2073 hanc
1448 2044 1521 2085 po-

815 2094 854 2136 Ο
888 2108 912 2146 3
1448 2096 1521 2136 ste·
