2044 2735
539 124 627 167 140
816 112 896 154 DE
931 105 1104 152 MOTV
1143 107 1565 156 OSCILLATORIO

534 244 606 286 pus
659 230 700 270 in
742 228 899 282 planum
950 226 1134 269 ABCD
1186 226 1281 269 esset
1321 230 1602 282 explanatum,
1647 238 1727 270 tum
1761 244 1853 272 mo-

534 303 668 335 menta
702 293 836 333 harum
873 293 1015 333 virium
1050 293 1222 346 respetstu
1255 295 1337 333 axis
1369 292 1446 333 BD
1479 293 1579 333 nulla
1621 294 1847 348 existerent,

534 367 574 397 at
608 358 635 398 fi
668 357 899 397 elementum
942 356 989 398 M
1033 369 1112 396 non
1157 358 1195 395 in
1227 357 1344 411 plano
1378 357 1531 396 chartae
1571 357 1615 398 sit
1647 357 1752 397 situm
1786 358 1850 399 led

534 422 583 461 ab
617 434 664 461 eo
698 430 893 461 remotum
927 421 970 461 sit
1003 419 1202 460 interuallo
1239 434 1290 460 z
1321 434 1346 460 z
1367 453 1377 470 ,
1419 430 1501 460 tum
1536 431 1779 461 momentum
1800 422 1850 461 ad

534 497 674 538 corpus
715 485 812 524 circa
854 496 969 524 axem
1011 482 1088 523 BD
1129 485 1431 524 conuertendum
1467 484 1624 523 tendens
1663 484 1759 523 foret
1792 497 1848 525 z:

532 546 676 615 ‘'³235ss
713 555 854 594 horum
890 565 1017 595 autem
1052 557 1229 595 omnium
1264 565 1552 596 momentorum
1586 554 1733 594 summa
1765 554 1853 606 ple·

533 631 694 674 rumque
727 619 780 658 est
809 617 1064 658 vehementer
1095 619 1255 671 exigua,
1276 631 1366 658 nam
1385 619 1410 658 si
1431 618 1491 658 vel
1523 618 1638 657 seetio
1671 615 1850 669 ABCD,

535 684 599 723 vel
631 681 750 723 semo
782 682 827 722 ad
847 694 933 721 eam
966 681 1150 721 normalis
1181 694 1252 736 per
1283 680 1358 721 AC
1390 681 1502 721 duc‘ta
1534 694 1672 734 corpus
1704 681 1854 721 induas

534 756 660 800 partes
700 745 841 785 ssmiles
880 745 1050 795 diuidat,
1094 754 1178 785 tum
1218 746 1355 786 omnio
1398 745 1494 785 haec
1536 755 1738 785 momenta
1771 745 1852 784 ele·

535 809 720 852 mentaria
752 808 788 848 se
820 817 957 848 mutuo
991 808 1194 848 destruunt.

652 872 685 920 ς,
711 884 782 911 21.
848 869 950 912 Cum
985 872 1095 924 igitur
1140 872 1191 912 ob
1224 871 1322 912 hanc
1355 870 1501 912 causam
1544 870 1751 923 offertum,
1785 872 1849 924 qni

534 936 582 978 ab
623 937 682 976 his
714 935 855 975 viribus
886 936 923 974 in
953 935 1165 975 diree'tione
1197 933 1280 990 pC
1321 936 1514 988 agentibus
1554 947 1721 988 vnquam
1756 935 1850 974 oriri

534 1007 691 1061 potest,
734 1006 925 1060 negligere
968 1019 1176 1060 queamus,
1228 1006 1421 1059 supersunt
1473 1015 1622 1046 tantum
1672 1004 1852 1073 virosu-gi

535 1074 576 1119 in
610 1079 821 1120 directione
850 1086 920 1133 pq
952 1077 1192 1131 applicatae,
1243 1090 1402 1131 quarum
1452 1075 1600 1117 summa
1641 1077 1695 1116 est
1729 1091 1783 1117 :z
1816 1081 1853 1144 gif

524 1147 590 1206 sp
608 1165 647 1192 x.
716 1150 774 1190 At
814 1157 884 1204 px
925 1149 977 1189 est
1017 1158 1262 1188 momentum
1321 1149 1526 1202 particulae
1576 1147 1623 1188 M
1675 1149 1849 1203 respedtu

536 1216 621 1254 axis
652 1215 691 1255 O
710 1246 720 1265 ‚
753 1214 916 1265 ideoque
950 1224 1001 1252 cx
1043 1222 1173 1251 natura
1206 1213 1325 1252 centri
1355 1213 1542 1264 grauitatis
1582 1213 1726 1252 summa
1761 1226 1850 1253 om-

535 1278 648 1318 nium
680 1277 836 1318 istorum
867 1284 1158 1316 momentorum
1193 1286 1372 1328 aequatur
1412 1275 1571 1328 ponderi
1614 1276 1732 1315 totius
1762 1289 1850 1316 cor·
1876 1270 1886 1280 ⁸

536 1343 663 1394 poris,
705 1341 807 1394 quod
842 1339 886 1379 sit
916 1353 971 1378 Ξ
1013 1338 1043 1378 P
1084 1351 1152 1390 per
1184 1339 1395 1378 distantiam
1436 1340 1556 1378 centri
1586 1340 1774 1390 gtauitatis
1807 1337 1847 1381 G

537 1405 584 1444 ab
624 1416 696 1444 axe
737 1403 775 1443 O
817 1414 977 1455 nemper
1018 1399 1115 1442 OG
1148 1415 1203 1440 :t
1237 1414 1263 1441 a
1312 1402 1594 1454 multiplicato,
1637 1402 1687 1441 ita
1729 1414 1772 1442 vt
1805 1404 1848 1444 sit

525 1473 592 1532 sp
611 1490 638 1517 x
660 1489 715 1515 :z
734 1475 762 1514 P
781 1488 807 1514 a
831 1506 838 1513 .
875 1473 1037 1526 ideoque
1074 1473 1220 1512 summa
1254 1473 1393 1512 virium
1430 1467 1466 1531 ᾗ
1484 1469 1549 1527 sp
1566 1486 1594 1512 x
1611 1485 1667 1511 z
1684 1462 1848 1532 ‘gzqnae

538 1547 649 1588 simul
690 1547 743 1586 est
782 1547 839 1585 vis
881 1544 1119 1597 aequiualens
1160 1543 1338 1603 omnibus
1377 1545 1516 1585 viribus
1556 1533 1655 1603 (ἕξ.
1728 1545 1847 1600 Quod

538 1628 666 1659 autem
701 1618 745 1657 ad
780 1628 908 1655 earnm
941 1615 1110 1654 mediam
1149 1614 1401 1653 dired'tionem
1435 1608 1569 1655 attinet
1591 1646 1601 1664 ,
1642 1627 1737 1667 quae
1771 1616 1847 1654 vti-

540 1694 614 1734 que
658 1680 829 1734 parallela
871 1679 940 1718 erit
974 1678 1243 1717 directionibus
1287 1677 1508 1730 singularum
1545 1685 1572 1730 p
1593 1688 1645 1729 q,
1679 1677 1756 1717 cius
1789 1679 1846 1718 di-

540 1745 672 1784 stantia
705 1744 750 1783 ab
783 1755 856 1782 axe
890 1741 928 1781 O
962 1741 1186 1793 reperietur,
1221 1741 1245 1780 si
1279 1741 1422 1780 summa
1456 1750 1743 1781 momentorum
1779 1741 1847 1781 ha-

540 1821 625 1848 rum
678 1807 815 1845 virium
867 1805 912 1844 ad
963 1816 1080 1843 axem
1133 1804 1171 1844 O
1223 1803 1458 1853 relatorum,
1509 1816 1604 1855 quae
1638 1803 1688 1842 est
1722 1818 1775 1842 ῖ-

1813 1808 1836 1824 ω

1814 1850 1830 1866 Π

529 1875 651 1934 spx.
706 1879 744 1919 O
768 1886 827 1932 p,
881 1875 1067 1915 dimid-atur
1114 1887 1182 1927 per
1228 1874 1407 1915 summam
1461 1873 1620 1927 ipim-um
1671 1841 1852 1931 viriums

541 1971 657 2011 quarn
716 1957 877 1997 vidimus
929 1951 1002 1993 esse
1053 1966 1104 1993 :z
1136 1942 1197 2012 “²53
1263 1951 1443 2005 Capi-atur
1493 1966 1585 2005 crgo
1637 1953 1675 1993 Ο
1713 1952 1740 1993 S
1791 1968 1846 1995 Ξ

539 2018 689 2058 [KP-‘'⁴⁹-
763 2029 836 2068 crit
876 2022 953 2066 OS
987 2024 1156 2065 distantia
1203 2025 1257 2064 vis
1289 2023 1554 2078 aequiualentis
1588 2024 1634 2064 ab
1666 2037 1740 2066 axe
1774 2028 1812 2067 O
1833 2057 1844 2076 ,

593 2061 610 2084 Ρ
622 2066 636 2083 a
708 2061 720 2085 ²

1793 2101 1846 2134 at-
