2044 2735
701 101 816 151 0:23
845 112 870 137 Ο
902 101 1484 154 230105

232 220 342 278 DE
390 212 1004 275 VIBRATIONIBVS
1045 213 1161 272 ET
1201 212 1417 276 SONO

422 302 782 346 nmiiNAeru
818 299 1228 344 ELASTICARVM

391 393 719 435 Commentationes
773 385 922 444 Phyfico
952 410 968 419 ·
995 391 1260 434 Geometricae.

450 520 503 562 A.
540 515 805 561 DANIELE
850 513 1194 563 BERNOVLLI.

517 642 564 701 Ι.
609 641 701 701 De
742 638 1128 703 Vibracionibus

764 763 799 811 ς.
838 775 875 801 1.

165 857 310 973 Tot
345 867 463 907 cuiuis
496 866 668 921 quotidie
711 875 912 908 occurrunt
953 865 1231 909 oscillationum
1284 879 1375 921 quas
1417 866 1483 908 hic

301 932 524 971 examinare
557 930 763 983 constitui,
795 930 983 984 exempla
1005 962 1016 983 ,
1049 940 1094 972 vt
1126 929 1203 972 fere
1230 931 1359 972 mirari
1393 930 1482 985 pos-

161 996 276 1036 simus
296 1029 306 1047 ,
341 996 539 1036 neminem
574 994 696 1036 adhuc
731 993 855 1035 anfitm
889 994 976 1035 inde
1009 993 1204 1049 arripuisse
1235 1005 1280 1036 vt
1309 992 1479 1037 Galileus

160 1060 352 1112 quondam
389 1059 434 1098 ab
477 1059 651 1112 lampade
693 1058 856 1112 suspensa
897 1057 1150 1099 oscillationes
1191 1058 1447 1114 pendulorum
1467 1092 1481 1112 ,

162 1123 256 1163 istud
291 1124 503 1176 argumenti
536 1134 655 1175 genus
685 1122 886 1162 secundum
918 1121 1020 1174 leges
1055 1123 1295 1164 mechanicas
1336 1122 1481 1176 disqui-

161 1187 299 1237 rendi,
338 1186 557 1238 pracsertim
590 1198 679 1226 cum
713 1186 790 1224 iam
825 1196 992 1237 eousque
1025 1185 1252 1227 mechanica
1285 1185 1480 1226 sublimior

162 1249 347 1303 prouec‘ta
379 1248 452 1297 sit,
487 1259 534 1288 vt
567 1261 685 1301 pauca
728 1258 875 1287 tentare
926 1259 1006 1287 non
1059 1248 1205 1289 audeat.
1277 1249 1477 1302 Equidem

163 1313 250 1352 :inni
284 1312 365 1352 sunt
398 1313 615 1365 complures
636 1341 646 1356 ,
690 1325 767 1365 quo
802 1312 839 1351 id
874 1311 1020 1363 negotii
1051 1311 1091 1351 in
1126 1325 1193 1353 me
1226 1312 1369 1366 suscepi
1402 1324 1475 1365 op-

163 1374 413 1429 t·.1tiffimoque
447 1373 609 1416 successu
643 1375 783 1415 absolui
815 1375 1137 1428 inuentorumque
1171 1376 1360 1417 summam
1387 1372 1476 1415 Cel.

159 1439 308 1481 Eulero
342 1440 488 1480 duobus
522 1439 686 1479 indicaui
721 1437 845 1479 verbis
866 1451 877 1491 3
915 1450 1050 1478 verum
1070 1452 1150 1479 non
1170 1439 1275 1479 licuit
1294 1448 1385 1479 tunc
1404 1438 1478 1479 sin-

159 1503 245 1557 gula
278 1503 316 1542 in
351 1503 530 1544 ordinem
565 1503 737 1556 redigere
772 1510 885 1555 atque
921 1514 1012 1542 cum
1046 1502 1262 1543 Academia
1293 1514 1479 1543 commu·

159 1567 283 1606 nicare
305 1600 314 1614 ,
348 1567 452 1607 nolui
488 1576 614 1607 tamen
649 1567 687 1606 id
719 1565 880 1607 vlterius
913 1563 1094 1618 differre,
1137 1567 1202 1620 spe
1241 1565 1355 1607 fretus
1394 1566 1477 1619 pri-

158 1630 266 1670 stinas
306 1630 416 1670 hasce
449 1629 730 1681 lucubrationes
771 1641 877 1670 meas
916 1641 989 1669 nec
1032 1629 1269 1671 Academiae
1315 1629 1475 1682 ingratas

158 1707 230 1734 nec
265 1695 420 1747 publico
457 1695 569 1746 plane
602 1694 750 1734 inutiles
783 1692 879 1733 fore.

275 1758 308 1806 ς.
348 1772 388 1798 2.
427 1758 710 1812 Argumentum
745 1757 916 1798 nostrum
949 1757 1078 1798 multis
1104 1756 1382 1811 quaestionibus
1401 1756 1475 1798 fer·

159 1820 370 1863 tiliffimum
407 1822 458 1862 cst
492 1835 571 1861 non
608 1821 911 1875 inelegantib1153
948 1822 1034 1874 quia
1068 1833 1165 1862 vero
1199 1834 1276 1861 vna
1317 1821 1475 1862 eadem·

159 1896 232 1937 que
263 1885 467 1925 methodus
508 1885 685 1925 omnibus
723 1884 892 1936 sufficit,
931 1897 1010 1924 non
1049 1895 1148 1938 puto
1189 1885 1347 1938 lingulas
1395 1882 1474 1925 effe

161 1947 468 2001 pertractanti-„53
505 1948 786 2002 problematum
821 1949 941 1989 nimia
973 1949 1148 1990 extensio
1189 1948 1317 2004 (quam
1360 1948 1473 1990 multi

161 2019 359 2062 tantopere
393 2011 536 2067 amant)
589 2013 815 2067 plerumque
866 2014 1079 2064 argumenti
1129 2013 1342 2065 elegantiae
1393 2023 1474 2052 non

162 2084 296 2125 parum
329 2074 482 2126 derogat
502 2107 512 2126 ,
548 2088 616 2116 nec
659 2078 714 2118 rei
757 2076 827 2131 ipsi
869 2077 1071 2131 quicquam
1114 2077 1296 2133 ponderis
1338 2076 1472 2126 addit,

222 2134 325 2177 Tom.
361 2137 482 2180 XIII.
798 2140 837 2180 Ο
1378 2139 1471 2192 quin
