2044 2735
491 137 580 185 4³8
617 127 697 172 DE
715 121 1134 169 GANDISAPORA
1155 117 1474 164 PERSARVM
1491 118 1810 180 ‘QVONDAM

491 247 616 291 menti
654 245 765 298 sunt,
803 243 867 285 sed
909 252 991 284 tam
1032 241 1164 295 magni
1186 275 1197 294 ‚
1239 251 1424 294 quantum
1473 239 1681 289 historiae,
1730 248 1810 281 tam

488 310 759 353 ecclesiasticae
777 342 788 363 ‚
821 321 935 364 quam
968 307 1076 348 ciuili
1107 315 1148 346 et
1179 306 1380 346 litterariae
1414 317 1555 345 omues
1586 305 1726 344 merito
1745 305 1813 344 tri-

495 376 658 418 buimus.

611 439 732 480 Huius
748 438 894 492 generis
912 446 1007 490 puto
1023 435 1125 476 illam
1145 468 1155 487 ,
1174 447 1286 488 quam
1314 433 1469 486 suscipio
1487 465 1498 484 ,
1515 432 1811 485 disputationem

493 505 542 545 de
573 504 667 544 vrbe
700 501 845 542 Pei-fiae
879 500 1117 553 Gandifilpor
1141 531 1152 550 ,
1187 510 1284 552 quae
1325 507 1365 537 et
1407 496 1690 538 Giondiiabour
1732 497 1815 536 scri-

495 568 623 609 bitur:
656 564 922 622 possemusque
962 562 1221 618 Saporofolin
1243 595 1253 614 ,
1290 571 1428 614 vtpote
1479 573 1500 600 a
1539 559 1685 613 Sapore
1723 573 1814 600 con-

494 632 646 684 ditam,
680 640 848 679 vocare,
881 639 925 668 vt
959 625 1316 679 Constantinopolis
1348 637 1370 664 a
1406 622 1661 664 Constantino
1695 625 1817 664 deno-

495 697 675 737 minatur.
750 692 924 735 Multum
957 692 1018 732 illa
1053 691 1263 732 celebratur
1295 691 1332 729 in
1371 689 1512 742 scriptis
1552 700 1690 728 eorum
1712 721 1722 738 ,
1756 689 1820 742 qui

495 772 554 801 res
597 757 786 800 Pernrum
836 755 1096 796 ecclesiasticas
1144 754 1385 794 destribunt:
1438 764 1509 792 nec
1552 764 1637 791 raro
1680 753 1818 792 eadem

498 822 795 864 commendatur
835 821 881 861 ab
925 821 1026 870 illis,
1069 820 1133 872 qui
1174 821 1224 858 dc
1265 817 1386 858 doctis
1426 817 1546 867 viris,
1597 818 1820 869 praeiertim

499 888 661 930 medicis
694 886 733 926 in
765 883 1006 924 orientalibus
1041 881 1420 931 terriscelebribus,
1454 879 1594 932 aliquid
1628 879 1824 932 contiguae

498 961 600 993 runt.
663 949 809 990 Habuit
842 948 945 987 enim
981 947 1204 1000 episcopum
1241 945 1467 998 praecipuae
1500 943 1733 982 auetoritatis
1766 945 1826 983 in-

500 1025 559 1055 ter
597 1013 846 1055 Nestorianae
879 1011 1000 1051 sestac-
1031 1011 1199 1051 addic‘tos
1221 1041 1231 1060 ,
1278 1007 1568 1060 Metropolitum
1601 1006 1826 1047 auctoritate

500 1078 709 1132 fulgentem
729 1109 740 1128 ,
775 1076 943 1131 primum
977 1075 1156 1127 dignitate
1191 1086 1211 1113 a
1246 1070 1453 1112 Catholico
1477 1104 1488 1124 ,
1521 1083 1599 1124 quo
1631 1068 1667 1110 se
1700 1072 1825 1112 nomi-

505 1154 556 1183 ne
588 1140 808 1182 venditabat
849 1139 940 1190 ille,
982 1139 1046 1192 qui
1087 1137 1287 1178 Seleuciae
1326 1136 1453 1177 sedem
1488 1135 1668 1186 tenebat,
1710 1144 1747 1174 et
1781 1135 1831 1175 de

505 1208 675 1261 primatu
715 1217 805 1244 cum
848 1204 929 1244 aliis
967 1203 1147 1243 certabat.
1215 1201 1302 1242 Fuit
1335 1212 1456 1254 porro
1494 1198 1535 1238 in
1567 1198 1630 1238 illa
1668 1197 1829 1238 nosoco-

508 1282 634 1311 mium
677 1278 718 1309 et
760 1266 887 1309 schola
929 1267 1109 1318 medica,
1149 1277 1201 1306 ex
1233 1277 1307 1319 qua
1339 1263 1485 1304 abunde
1525 1261 1639 1304 multi
1673 1263 1832 1316 prodie-

507 1344 595 1375 runt
614 1366 624 1385 ,
659 1334 724 1387 qui
755 1331 970 1385 episcopale
999 1331 1185 1383 fastigium
1217 1328 1519 1369 conscenderunt
1538 1359 1549 1378 ,
1582 1337 1647 1365 aut
1684 1338 1724 1365 in
1744 1326 1837 1367 aulis

509 1400 730 1452 primorum
775 1393 1011 1436 Cha-lifiirum
1055 1395 1222 1434 comites
1261 1392 1539 1432 archiatrorum
1581 1391 1762 1441 fuerunt,
1794 1402 1835 1431 et

512 1474 586 1515 pro
625 1473 670 1500 ea
690 1492 701 1511 ,
731 1473 804 1513 qua
837 1462 876 1500 in
908 1458 997 1499 auiis
1028 1458 1244 1512 principum
1287 1456 1494 1506 valebant,
1537 1456 1684 1506 gratia,
1721 1455 1834 1507 pluri-

512 1538 623 1566 mum
666 1534 845 1578 poterant
878 1524 917 1563 in
953 1522 1059 1562 rebus
1091 1521 1341 1562 ecclesiasticis
1384 1521 1430 1560 ad
1464 1520 1569 1560 suum
1608 1529 1740 1558 nutum
1773 1518 1838 1559 vel

512 1589 717 1642 dirigendis
735 1588 797 1628 vel
816 1586 1021 1628 turbandis.
1075 1586 1215 1639 Neque
1233 1585 1372 1638 exigna
1393 1583 1461 1623 fuit
1491 1582 1646 1623 illorum
1670 1615 1680 1632 ‚
1714 1583 1777 1636 qui
1798 1584 1836 1622 in

515 1652 577 1692 illa
608 1652 734 1692 schola
754 1652 863 1692 bonis
881 1651 1016 1691 litteris
1033 1660 1072 1688 et
1089 1649 1302 1690 medicinae
1322 1659 1484 1701 operam
1506 1645 1645 1684 dabant
1662 1677 1672 1695 ‚
1709 1646 1837 1685 aucto-

520 1717 636 1766 ritas,
669 1728 786 1767 quum
820 1715 860 1753 in
901 1713 1125 1765 patriarchae
1159 1713 1350 1751 electione
1390 1720 1539 1763 partem
1572 1708 1773 1748 haberent.

634 1777 743 1833 Quae
778 1777 916 1830 singula
950 1775 1188 1826 effecerunt,
1224 1787 1267 1814 vt
1299 1776 1345 1814 de
1380 1773 1450 1812 hic
1484 1783 1561 1811 tam
1595 1771 1690 1811 ciana
1713 1784 1751 1812 ct
1774 1785 1840 1811 no-

519 1842 587 1882 bili
620 1843 713 1882 vrbe
750 1854 814 1894 per
846 1840 1065 1892 complures
1094 1850 1216 1878 annos
1235 1871 1244 1888 ,
1279 1850 1419 1891 perque
1454 1848 1572 1875 omne
1592 1848 1708 1888 genus
1727 1838 1845 1876 fibro-

522 1917 609 1946 rum
644 1907 874 1959 requirerem
897 1936 908 1952 ,
941 1914 1036 1956 quae
1069 1903 1115 1942 ad
1148 1902 1283 1942 statum
1319 1901 1397 1941 cius
1432 1900 1723 1952 intelligendum
1761 1900 1847 1954 pos-

525 1970 602 2010 sent
632 1970 771 2023 aliquid
815 1968 972 2008 adferre.
1041 1966 1257 2006 Enimuero
1291 1965 1372 2005 satis
1400 1965 1581 2017 superque
1616 1965 1740 2014 didici,
1779 1978 1846 2005 ve-

528 2034 713 2074 rissimum
750 2033 852 2083 effe,
887 2032 990 2085 quod
1017 2029 1192 2072 EVSM}
1232 2028 1623 2074 RENAVDOTVS
1659 2031 1706 2069 de
1723 2029 1848 2082 liturg.

527 2098 632 2140 Tom-
665 2098 723 2140 ΙΙ.
754 2106 842 2152 pag.
874 2107 980 2146 271.
1015 2096 1237 2149 conquestus
1271 2094 1354 2147 cst,
1389 2107 1471 2133 rem
1506 2093 1603 2132 adeo
1637 2094 1779 2133 fluxam
1810 2105 1848 2134 et

1726 2169 1849 2198 incer.
