2044 2735
562 152 654 195 444
688 141 768 182 DE
787 135 1206 182 GANDISAPORA
1230 136 1543 182 PERSARI'M
1567 139 1872 200 ,QVONDAM

676 257 946 311 Progredimur
979 257 1023 297 ad
1058 257 1163 311 plura
1197 257 1480 312 inuestiganda,
1515 258 1753 312 dabimusque
1784 271 1880 312 ope-

564 333 643 360 ram
665 354 674 372 ,
709 332 753 361 xt
787 334 925 361 annum
971 322 1066 362 illius
1102 321 1326 374 legationis,
1369 321 1395 362 si
1427 320 1508 361 fieri
1546 322 1695 374 potest,
1729 332 1877 363 certum

563 385 797 436 reddamus,
852 396 914 424 aut
955 385 1168 426 conieftura
1223 385 1430 425 vcroilmili
1473 384 1718 439 asse-prauus.
1787 386 1881 428 λου

566 447 619 487 est
661 449 815 489 dubium
858 450 949 502 quin
989 447 1154 502 Saporcs
1194 449 1255 488 hic
1300 449 1562 502 intelligendus
1604 449 1645 489 sit
1680 450 1881 502 stcuudus,

565 511 763 552 Art-uaris
794 512 892 552 filius
912 546 921 564 ,
953 526 1066 565 quem
1095 512 1309 553 Orientales
1343 514 1519 553 Ardlehir
1552 511 1727 566 Babegan
1762 515 1884 553 deno-

565 586 659 618 tant.
728 577 836 618 Nam
871 589 949 615 non
983 577 1074 617 alius
1107 576 1270 630 Sapores
1303 579 1482 616 conuenit
1508 579 1739 623 temporibus
1759 580 1882 618 Aure·

564 639 657 679 liaui
690 640 809 680 adhuc
845 640 993 693 priuati.
1063 642 1190 694 Atque
1230 640 1274 679 ad
1310 641 1407 681 hunc
1445 643 1545 694 pacis
1585 644 1880 694 componendae

565 704 669 743 causa
703 704 846 757 legatus
887 701 991 743 suiffe
1029 706 1178 744 videtur
1210 716 1257 742 eo
1289 714 1465 758 tempore
1487 737 1496 753 ,
1537 718 1612 758 quo
1632 737 1641 755 ,
1677 706 1879 746 Valtri-ano

565 767 797 820 imperante,
826 765 1008 819 Cyriades
1026 781 1128 808 anno
1156 765 1372 809 CCLVlu.
1400 769 1520 809 Persis
1553 770 1587 807 in
1607 770 1878 810 Romanorum

564 831 731 871 ditiones
772 832 930 872 duxerat
973 842 1079 872 tauto
1119 829 1282 872 successu
1305 865 1316 884 ,
1351 842 1422 883 vt,
1457 832 1735 885 Mesopotamia
1771 835 1880 874 omni

564 894 706 934 vastata
725 927 735 946 ,
768 894 1021 936 Antiochiam
1053 908 1202 951 quoque
1242 906 1423 949 caperent
1457 906 1495 935 et
1528 897 1766 949 diriperent:
1804 910 1880 950 quo

559 957 663 999 fileto
686 991 696 1009 ,
733 961 889 1000 nemine
928 960 1169 1013 repellente,
1213 959 1260 999 ad
1292 958 1370 999 silas
1402 961 1571 1013 regione>
1605 960 1800 1013 abierunt,
1835 971 1878 1001 vt

566 1022 739 1075 opimam
772 1023 950 1077 praedam
987 1025 1147 1065 domum
1182 1022 1374 1064 referrent.

679 1087 767 1129 Hoc
802 1085 964 1128 admisso
996 1097 1178 1141 tempore
1211 1086 1494 1142 Gandifirporae
1535 1097 1660 1128 ortum
1698 1088 1772 1128 iam
1806 1088 1878 1129 cla-

562 1150 638 1190 rius
688 1150 962 1205 intelligimus,
1012 1152 1184 1192 adhibito
1240 1152 1391 1192 alterius
1440 1153 1630 1204 scriptoris
1688 1152 1882 1192 orientalis

561 1213 714 1257 AMRI
748 1215 1001 1267 testimonio,
1034 1229 1151 1271 quem
1189 1215 1524 1258 ASSEMANVS
1557 1218 1648 1257 citat
1680 1216 1783 1256 Tom.
1816 1216 1878 1258 ΙΙ.

554 1286 650 1335 pag.
710 1287 813 1329 398.
866 1278 903 1320 Is
933 1280 1038 1320 enim
1091 1279 1225 1321 diserte
1277 1281 1427 1320 testatur
1473 1281 1607 1320 vrbem
1643 1278 1882 1332 Gandisapor

558 1343 753 1383 conditam
788 1341 921 1395 fuisse,
955 1344 1155 1398 postquam
1190 1345 1322 1396 ingens
1356 1345 1495 1397 praeda
1527 1357 1578 1384 ex
1612 1345 1880 1386 Romanorum

561 1407 696 1457 terris,
731 1420 774 1447 ac
808 1407 1020 1461 praesertim
1055 1421 1107 1448 ex
1140 1408 1349 1448 Antiochia
1380 1407 1501 1448 fiiiss‘et
1535 1419 1644 1460 capta
1680 1418 1718 1446 et
1751 1408 1877 1447 allata.

558 1469 778 1511 Enimuero
810 1470 874 1512 hic
909 1472 1042 1512 auCtor
1074 1484 1216 1512 nouam
1252 1484 1403 1512 crucem
1438 1472 1614 1513 historiae
1648 1471 1751 1523 figit,
1785 1471 1876 1511 dum

559 1533 750 1589 Saporem
783 1534 922 1586 alium,
957 1537 1021 1590 qui
1054 1535 1295 1590 temporibus
1328 1536 1443 1590 longe
1479 1536 1742 1590 posterioribus
1764 1536 1876 1587 vixit,

558 1599 803 1640 conditorem
846 1599 949 1639 vrbis
991 1601 1184 1651 ostendit,
1235 1599 1374 1640 scilicet
1424 1601 1672 1641 Hormisdatis
1718 1598 1839 1638 filium
1864 1630 1875 1650 ‚

559 1675 673 1716 quem
709 1675 780 1703 nos
812 1661 1004 1716 Saporem
1046 1664 1121 1705 ΙΙΙ.
1167 1664 1433 1717 designamus,
1474 1664 1537 1717 qui
1574 1664 1693 1702 vitam
1730 1672 1767 1700 ct
1801 1662 1873 1701 im*-

555 1726 710 1780 pcrium
733 1756 743 1775 ‚
777 1727 879 1778 quod
916 1727 1087 1767 nondum
1122 1738 1231 1767 natus
1261 1737 1476 1779 acceperat,
1517 1726 1564 1765 ab
1599 1738 1700 1765 anno
1734 1722 1873 1765 Christi

555 1786 742 1829 CCCIX.
791 1789 836 1829 ad
879 1787 1168 1830 CCCLXXX.
1213 1790 1462 1843 prorogauit,
1505 1790 1676 1842 adeoque
1717 1802 1737 1828 a
1771 1799 1873 1829 tcm-

553 1852 711 1907 poribus
743 1851 979 1893 Diocletiani
1019 1854 1066 1893 ad
1099 1853 1369 1893 Theodosium
1410 1853 1525 1906 Vsque
1561 1853 1669 1893 rebus
1702 1853 1870 1905 praefuit.

554 1916 619 1957 Ad
653 1917 769 1957 Amri
801 1926 976 1958 mentem
1009 1917 1101 1958 alius
1135 1918 1293 1971 scriptor
1325 1917 1518 1957 orientalis
1553 1915 1774 1968 MARES,
1810 1918 1872 1970 qui

553 1981 672 2021 vitam
713 1979 866 2035 Papae,
907 1981 1072 2035 episcopi
1113 1980 1333 2031 Seleuciae,
1375 1981 1577 2032 condidit,
1620 1979 1732 2021 fertur
1763 1992 1873 2020 com-

553 2053 752 2084 mentatus.
820 2043 895 2085 Sed
933 2045 1075 2099 saepius
1124 2046 1200 2087 iam
1247 2045 1413 2086 laudatus
1456 2041 1792 2086 ASSEMANVS
1832 2045 1872 2084 in

550 2119 628 2151 non
660 2109 742 2149 satis
772 2109 935 2163 genuina
976 2120 1227 2152 monumenta
1268 2107 1440 2151 incidisse
1473 2108 1544 2152 hos
1574 2108 1782 2165 scriptores,
1810 2117 1872 2148 aut

1745 2171 1869 2216 studio
