2044 2735
507 107 593 152 DE
633 103 1187 154 COMBINATIONIBVS
1441 119 1497 161 77

190 228 254 271 tiis
285 226 413 270 modis
445 239 650 281 exponens
683 227 795 283 ipsius
826 239 849 267 n
882 225 993 281 possit
1026 227 1064 267 in
1107 226 1197 267 duas
1237 236 1363 280 partes
1403 228 1501 267 inae-

194 293 319 347 quales
362 291 558 343 distribui,
600 289 658 332 leu
703 291 850 345 quoties
894 291 959 331 iste
993 303 1192 343 exponens
1224 302 1276 329 ex
1311 293 1503 332 additione

194 358 357 396 duorum
383 368 628 395 numerorum
654 357 887 407 integrorum
912 355 1164 407 inaequalium
1186 355 1344 406 produci
1376 364 1500 408 queat.

193 419 256 460 Sic
300 419 491 473 potestatis
533 419 702 460 decimae
741 423 797 458 71¹⁰
839 417 1060 458 co’e'fficiens
1102 418 1155 457 est
1208 432 1267 467 4,
1317 420 1402 471 quia
1448 431 1501 458 10

194 495 357 538 quatuor
389 482 514 523 modis
545 482 584 523 in
629 482 716 523 duas
756 491 881 533 partes
921 480 1129 533 inaequales
1169 481 1338 521 distribui
1379 480 1504 535 potest

193 558 336 600 nempe
532 551 1255 598 10:149310313—4-7.

528 611 1247 662 10:2—1—831014—4-6.

193 671 267 715 ΙΙΙ.
307 685 422 727 ’ΥΞ
454 669 621 712 summae
654 670 842 714 factorum
879 683 928 713 ex
974 674 1086 714 ternis
1126 673 1298 713 terminis
1338 668 1443 713 seriei
1474 683 1504 713 α

193 737 441 790 inaequalibus
464 749 474 788 3
510 737 610 775 vnde
645 737 714 776 erit
737 752 742 775 ;

192 802 1506 856 ΎΞηό-ὶ-ηΆ-ὶ-ενιθ-ι-3η9-ἢ-4ηω-Ις-51ν’ψ’γινέ-ὶ-ὃνΝ-ξ-εῖσ,

192 867 230 905 in
263 878 334 918 qua
368 863 454 918 post
488 865 714 918 potestatem
750 864 897 906 sextam
932 876 1068 907 omnes
1097 864 1293 918 sequentes
1330 862 1441 916 ipsius
1482 872 1506 903 n

192 929 391 982 potestates
424 938 640 969 occurrunt.
709 926 925 968 Cuiuslibet
957 938 1085 969 autem
1130 927 1324 981 potestatis
1366 925 1506 967 co‘e'ffl-

194 992 294 1032 ciens
327 991 499 1044 indicat,
533 1002 626 1046 quot
664 991 776 1033 variis
808 992 935 1032 modis
969 1003 1171 1046 exponens
1204 990 1370 1032 distribui
1388 989 1506 1045 possit

193 1054 232 1095 in
251 1066 326 1096 tres
359 1066 484 1108 partes
516 1056 740 1109 inaequales,
773 1057 831 1095 seu
862 1056 1012 1109 quoties
1044 1057 1145 1096 idem
1181 1066 1379 1107 exponens
1413 1066 1506 1108 pro-

192 1120 277 1160 duci
310 1129 422 1174 queat
453 1130 504 1159 ex
535 1120 728 1159 additione
763 1121 877 1159 trium
911 1130 1157 1160 numerorum
1192 1120 1427 1171 integrorum
1447 1118 1506 1157 in-

193 1191 252 1223 ter
272 1186 305 1223 se
326 1182 592 1236 inaequalium.
660 1180 722 1224 Sic
765 1181 926 1236 potestas
967 1188 1021 1222 72¹²
1065 1182 1350 1223 co'e'fficientem
1390 1179 1507 1221 habet

193 1255 219 1295 7
244 1280 254 1296 ,
289 1246 374 1300 quia
407 1258 606 1298 exponens
643 1258 694 1285 12
731 1246 873 1299 septem
908 1246 1037 1286 modis
1068 1247 1108 1288 in
1150 1256 1225 1285 tres
1270 1253 1395 1298 partes
1444 1242 1506 1286 in·

194 1310 363 1364 aequales
395 1310 524 1362 partiri
559 1311 710 1362 potest:
751 1308 804 1349 vti

315 1380 1018 1426 12:1-4-24—931212

318 1436 1298 1489 12:1434-8312124—446

315 1507 1021 1554 12:14—4-4-731233

313 1577 366 1603 12
391 1579 446 1605 Ξ
474 1577 490 1601 1
520 1571 585 1609 -÷-
611 1576 632 1614 5
660 1571 725 1610 -4—
747 1568 774 1602 6
797 1578 808 1617 ·,

192 1626 266 1671 IV.
300 1624 327 1668 δ
347 1642 403 1667 z
436 1629 603 1669 summae
636 1628 821 1670 factorum
856 1638 908 1668 ex
942 1637 1101 1683 quatuor
1135 1627 1308 1671 terminis
1339 1627 1444 1670 striei
1474 1639 1506 1673 a

194 1691 450 1745 inaequalibus
482 1693 580 1731 inter
601 1692 649 1743 se,
685 1693 788 1732 vnde
824 1692 895 1732 erit

195 1750 1330 1806 &znffl-Js—n·¹—l-212¹²—÷—3n²³—4—5n¹⁴—}-6n¹⁵—l-9n¹⁶—l-
1362 1764 1441 1799 etc.

194 1821 293 1860 cuius
328 1821 451 1873 prima
480 1819 646 1872 potestas
680 1819 733 1860 est
765 1825 852 1872 71¹0,
886 1820 1031 1875 quippe
1066 1820 1170 1861 cuius
1212 1829 1412 1875 exponens
1452 1818 1506 1864 est

203 1890 526 1932 142—4-344
561 1883 621 1922 seu
657 1895 829 1924 numerus
863 1882 1056 1938 trigonalis
1097 1893 1259 1938 quartus.
1334 1882 1503 1938 Sequen-

198 1947 292 1985 tium
328 1947 556 1999 potestatum
590 1946 777 1999 quaelibet
812 1948 923 1987 toties
955 1945 1084 1998 adest,
1126 1950 1274 2003 quoties
1314 1949 1390 1991 eius
1432 1959 1504 1992 cx-

198 2019 346 2060 ponens
380 2011 468 2049 oriri
503 2007 628 2063 potest
663 2024 713 2051 ex
745 2009 936 2052 additione
970 2020 1132 2064 quatuor
1170 2023 1413 2052 numerorum
1447 2012 1502 2054 in·

199 2078 394 2123 tegrorum
426 2074 523 2114 inter
556 2073 592 2114 se
623 2073 892 2131 inaequalium.
960 2073 1023 2117 Sic
1057 2073 1223 2129 potestas
1252 2076 1357 2119 (exta
1398 2075 1506 2117 deci-

807 2137 841 2178 1<
878 2148 902 2188 :3
971 2145 973 2147 '
1107 2146 1110 2150 '
1439 2149 1505 2179 ma
