<?xml version="1.0" encoding="UTF-8"?>
<!DOCTYPE html PUBLIC "-//W3C//DTD XHTML 1.0 Transitional//EN"
    "http://www.w3.org/TR/xhtml1/DTD/xhtml1-transitional.dtd">
<html xmlns="http://www.w3.org/1999/xhtml" xml:lang="en" lang="en">
 <head>
  <title>
</title>
<meta http-equiv="Content-Type" content="text/html;charset=utf-8" />
  <meta name='ocr-system' content='tesseract 3.04.00' />
  <meta name='ocr-capabilities' content='ocr_page ocr_carea ocr_par ocr_line ocrx_word'/>
</head>
<body>
  <div class='ocr_page' id='page_1' title='image "./commentariiacade13impe/commentariiacade13impe_0436.png"; bbox 0 0 2044 2735; ppageno 0'>
   <div class='ocr_carea' id='block_1_1' title="bbox 528 114 1591 174">
    <p class='ocr_par' dir='ltr' id='par_1_1' title="bbox 528 114 1591 174">
     <span class='ocr_line' id='line_1_1' title="bbox 528 114 1591 174; baseline 0.001 -12"><span class='ocrx_word' id='word_1_1' title='bbox 528 129 614 174; x_wconf 78' lang='lat'>428</span> <span class='ocrx_word' id='word_1_2' title='bbox 768 118 852 162; x_wconf 88' lang='lat' dir='ltr'>DE</span> <span class='ocrx_word' id='word_1_3' title='bbox 885 116 1196 162; x_wconf 85' lang='lat' dir='ltr'>ALCIBIADE</span> <span class='ocrx_word' id='word_1_4' title='bbox 1226 114 1591 163; x_wconf 81' lang='lat' dir='ltr'><strong><em>CERTAMINIS</em></strong></span> 
     </span>
    </p>
   </div>
   <div class='ocr_carea' id='block_1_2' title="bbox 522 235 1858 2185">
    <p class='ocr_par' dir='ltr' id='par_1_2' title="bbox 522 235 1858 1631">
     <span class='ocr_line' id='line_1_2' title="bbox 523 235 1842 294; baseline -0.001 -13"><span class='ocrx_word' id='word_1_5' title='bbox 523 238 724 293; x_wconf 67' lang='lat' dir='ltr'>adscripsit.</span> <span class='ocrx_word' id='word_1_6' title='bbox 792 236 1137 294; x_wconf 80' lang='lat' dir='ltr'>Quemadmodum</span> <span class='ocrx_word' id='word_1_7' title='bbox 1178 248 1276 278; x_wconf 79' lang='lat' dir='ltr'>vero</span> <span class='ocrx_word' id='word_1_8' title='bbox 1319 238 1406 278; x_wconf 89' lang='lat' dir='ltr'>anni</span> <span class='ocrx_word' id='word_1_9' title='bbox 1442 237 1540 278; x_wconf 87' lang='lat' dir='ltr'>istius</span> <span class='ocrx_word' id='word_1_10' title='bbox 1571 235 1721 277; x_wconf 81' lang='lat' dir='ltr'>vbertas</span> <span class='ocrx_word' id='word_1_11' title='bbox 1752 249 1842 280; x_wconf 90' lang='lat' dir='ltr'>cum</span> 
     </span>
     <span class='ocr_line' id='line_1_3' title="bbox 523 300 1842 358; baseline -0.002 -15"><span class='ocrx_word' id='word_1_12' title='bbox 523 301 826 358; x_wconf 85' lang='lat' dir='ltr'>praegressorum</span> <span class='ocrx_word' id='word_1_13' title='bbox 861 311 899 342; x_wconf 92' lang='lat' dir='ltr'>et</span> <span class='ocrx_word' id='word_1_14' title='bbox 932 300 1223 354; x_wconf 82' lang='lat' dir='ltr'>subsequentium</span> <span class='ocrx_word' id='word_1_15' title='bbox 1264 300 1457 341; x_wconf 85' lang='lat' dir='ltr'>sterilitate</span> <span class='ocrx_word' id='word_1_16' title='bbox 1492 300 1630 341; x_wconf 78' lang='lat' dir='ltr'>collata</span> <span class='ocrx_word' id='word_1_17' title='bbox 1665 300 1842 342; x_wconf 88' lang='lat' dir='ltr'>differen-</span> 
     </span>
     <span class='ocr_line' id='line_1_4' title="bbox 522 364 1842 419; baseline -0.002 -11"><span class='ocrx_word' id='word_1_18' title='bbox 522 369 616 408; x_wconf 87' lang='lat' dir='ltr'>tiam</span> <span class='ocrx_word' id='word_1_19' title='bbox 654 366 861 407; x_wconf 79' lang='lat' dir='ltr'>notabilem</span> <span class='ocrx_word' id='word_1_20' title='bbox 895 364 983 419; x_wconf 87' lang='lat' dir='ltr'>ipfis</span> <span class='ocrx_word' id='word_1_21' title='bbox 1013 364 1133 406; x_wconf 87' lang='lat' dir='ltr'>oculis</span> <span class='ocrx_word' id='word_1_22' title='bbox 1166 365 1328 418; x_wconf 72' lang='lat' dir='ltr'>ingerit·⁷</span> <span class='ocrx_word' id='word_1_23' title='bbox 1362 364 1412 405; x_wconf 88' lang='lat' dir='ltr'>fic</span> <span class='ocrx_word' id='word_1_24' title='bbox 1445 365 1491 405; x_wconf 83' lang='lat' dir='ltr'>ad</span> <span class='ocrx_word' id='word_1_25' title='bbox 1524 365 1842 418; x_wconf 87' lang='lat' dir='ltr'>cognoscendum,</span> 
     </span>
     <span class='ocr_line' id='line_1_5' title="bbox 523 428 1841 485; baseline -0.002 -14"><span class='ocrx_word' id='word_1_26' title='bbox 523 431 626 485; x_wconf 90' lang='lat' dir='ltr'>quod</span> <span class='ocrx_word' id='word_1_27' title='bbox 669 429 894 482; x_wconf 84' lang='lat' dir='ltr'>Phlegontei</span> <span class='ocrx_word' id='word_1_28' title='bbox 939 428 1068 482; x_wconf 89' lang='lat' dir='ltr'>operis</span> <span class='ocrx_word' id='word_1_29' title='bbox 1110 430 1267 482; x_wconf 83' lang='lat' dir='ltr'>exiguae</span> <span class='ocrx_word' id='word_1_30' title='bbox 1307 428 1469 469; x_wconf 76' lang='lat' dir='ltr'>miculae</span> <span class='ocrx_word' id='word_1_31' title='bbox 1501 428 1679 483; x_wconf 76' lang='lat' dir='ltr'>supersint</span> <span class='ocrx_word' id='word_1_32' title='bbox 1697 459 1708 478; x_wconf 94' lang='lat'>,</span> <span class='ocrx_word' id='word_1_33' title='bbox 1742 429 1841 469; x_wconf 88' lang='lat' dir='ltr'>nulla</span> 
     </span>
     <span class='ocr_line' id='line_1_6' title="bbox 523 491 1843 548; baseline -0.002 -13"><span class='ocrx_word' id='word_1_34' title='bbox 523 507 564 535; x_wconf 88' lang='lat' dir='ltr'>re</span> <span class='ocrx_word' id='word_1_35' title='bbox 597 507 692 548; x_wconf 86' lang='lat' dir='ltr'>opus</span> <span class='ocrx_word' id='word_1_36' title='bbox 721 493 775 534; x_wconf 88' lang='lat' dir='ltr'>est</span> <span class='ocrx_word' id='word_1_37' title='bbox 794 526 805 545; x_wconf 84' lang='lat'>,</span> <span class='ocrx_word' id='word_1_38' title='bbox 835 505 949 547; x_wconf 85' lang='lat' dir='ltr'>quam</span> <span class='ocrx_word' id='word_1_39' title='bbox 984 491 1110 532; x_wconf 89' lang='lat' dir='ltr'>Photii</span> <span class='ocrx_word' id='word_1_40' title='bbox 1142 493 1289 533; x_wconf 81' lang='lat' dir='ltr'>indicio</span> <span class='ocrx_word' id='word_1_41' title='bbox 1319 501 1359 532; x_wconf 91' lang='lat' dir='ltr'>et</span> <span class='ocrx_word' id='word_1_42' title='bbox 1390 491 1545 533; x_wconf 90' lang='lat' dir='ltr'>iudicio.</span> <span class='ocrx_word' id='word_1_43' title='bbox 1611 492 1720 532; x_wconf 86' lang='lat' dir='ltr'>Vitio</span> <span class='ocrx_word' id='word_1_44' title='bbox 1739 493 1843 533; x_wconf 90' lang='lat' dir='ltr'>enim</span> 
     </span>
     <span class='ocr_line' id='line_1_7' title="bbox 523 556 1845 610; baseline -0.002 -11"><span class='ocrx_word' id='word_1_45' title='bbox 523 559 587 600; x_wconf 82' lang='lat' dir='ltr'>dat</span> <span class='ocrx_word' id='word_1_46' title='bbox 620 558 766 599; x_wconf 64' lang='lat' dir='ltr'>auetori</span> <span class='ocrx_word' id='word_1_47' title='bbox 798 557 957 596; x_wconf 80' lang='lat' dir='ltr'>nimiam</span> <span class='ocrx_word' id='word_1_48' title='bbox 992 556 1230 608; x_wconf 81' lang='lat' dir='ltr'>diligentiam</span> <span class='ocrx_word' id='word_1_49' title='bbox 1249 587 1260 607; x_wconf 92' lang='lat'>,</span> <span class='ocrx_word' id='word_1_50' title='bbox 1303 557 1394 609; x_wconf 89' lang='lat' dir='ltr'>quin</span> <span class='ocrx_word' id='word_1_51' title='bbox 1429 556 1601 610; x_wconf 84' lang='lat' dir='ltr'>putidam</span> <span class='ocrx_word' id='word_1_52' title='bbox 1634 557 1845 597; x_wconf 81' lang='lat' dir='ltr'>accuratio·</span> 
     </span>
     <span class='ocr_line' id='line_1_8' title="bbox 526 619 1844 673; baseline -0.003 -10"><span class='ocrx_word' id='word_1_53' title='bbox 526 635 614 663; x_wconf 85' lang='lat' dir='ltr'>nem</span> <span class='ocrx_word' id='word_1_54' title='bbox 658 623 697 661; x_wconf 91' lang='lat' dir='ltr'>in</span> <span class='ocrx_word' id='word_1_55' title='bbox 735 620 884 673; x_wconf 85' lang='lat' dir='ltr'>siugulis</span> <span class='ocrx_word' id='word_1_56' title='bbox 917 619 1215 672; x_wconf 79' lang='lat' dir='ltr'>olympiadibus</span> <span class='ocrx_word' id='word_1_57' title='bbox 1253 620 1512 673; x_wconf 85' lang='lat' dir='ltr'>percensendis</span> <span class='ocrx_word' id='word_1_58' title='bbox 1538 653 1548 673; x_wconf 86' lang='lat'>‚</span> <span class='ocrx_word' id='word_1_59' title='bbox 1591 619 1844 673; x_wconf 86' lang='lat' dir='ltr'>singulorum-</span> 
     </span>
     <span class='ocr_line' id='line_1_9' title="bbox 525 682 1846 740; baseline -0.002 -15"><span class='ocrx_word' id='word_1_60' title='bbox 525 699 596 740; x_wconf 91' lang='lat' dir='ltr'>que</span> <span class='ocrx_word' id='word_1_61' title='bbox 638 686 891 725; x_wconf 77' lang='lat' dir='ltr'>certaminum</span> <span class='ocrx_word' id='word_1_62' title='bbox 933 683 1151 723; x_wconf 88' lang='lat' dir='ltr'>nominibus</span> <span class='ocrx_word' id='word_1_63' title='bbox 1196 692 1235 723; x_wconf 91' lang='lat' dir='ltr'>et</span> <span class='ocrx_word' id='word_1_64' title='bbox 1275 683 1383 723; x_wconf 83' lang='lat' dir='ltr'>rebus</span> <span class='ocrx_word' id='word_1_65' title='bbox 1428 682 1565 737; x_wconf 84' lang='lat' dir='ltr'>gestis,</span> <span class='ocrx_word' id='word_1_66' title='bbox 1607 694 1716 737; x_wconf 89' lang='lat' dir='ltr'>atque</span> <span class='ocrx_word' id='word_1_67' title='bbox 1759 683 1846 737; x_wconf 79' lang='lat' dir='ltr'>ipsis</span> 
     </span>
     <span class='ocr_line' id='line_1_10' title="bbox 524 746 1843 800; baseline -0.002 -11"><span class='ocrx_word' id='word_1_68' title='bbox 524 750 642 790; x_wconf 86' lang='lat' dir='ltr'>etiam</span> <span class='ocrx_word' id='word_1_69' title='bbox 687 748 848 788; x_wconf 84' lang='lat' dir='ltr'>oraculis</span> <span class='ocrx_word' id='word_1_70' title='bbox 884 746 1112 799; x_wconf 81' lang='lat' dir='ltr'>referendis,</span> <span class='ocrx_word' id='word_1_71' title='bbox 1159 759 1229 799; x_wconf 85' lang='lat' dir='ltr'>qua</span> <span class='ocrx_word' id='word_1_72' title='bbox 1268 758 1348 786; x_wconf 90' lang='lat' dir='ltr'>nori</span> <span class='ocrx_word' id='word_1_73' title='bbox 1390 746 1499 800; x_wconf 75' lang='lat' dir='ltr'>possit</span> <span class='ocrx_word' id='word_1_74' title='bbox 1547 759 1628 788; x_wconf 90' lang='lat' dir='ltr'>non</span> <span class='ocrx_word' id='word_1_75' title='bbox 1679 747 1843 787; x_wconf 85' lang='lat' dir='ltr'>taedium</span> 
     </span>
     <span class='ocr_line' id='line_1_11' title="bbox 526 809 1846 864; baseline -0.002 -11"><span class='ocrx_word' id='word_1_76' title='bbox 526 812 659 854; x_wconf 65' lang='lat' dir='ltr'>leitori</span> <span class='ocrx_word' id='word_1_77' title='bbox 691 810 831 853; x_wconf 88' lang='lat' dir='ltr'>adferre</span> <span class='ocrx_word' id='word_1_78' title='bbox 850 844 861 863; x_wconf 90' lang='lat'>,</span> <span class='ocrx_word' id='word_1_79' title='bbox 893 812 981 851; x_wconf 90' lang='lat' dir='ltr'>dum</span> <span class='ocrx_word' id='word_1_80' title='bbox 1024 822 1092 864; x_wconf 87' lang='lat' dir='ltr'>per</span> <span class='ocrx_word' id='word_1_81' title='bbox 1123 821 1207 850; x_wconf 81' lang='lat' dir='ltr'>eam</span> <span class='ocrx_word' id='word_1_82' title='bbox 1240 809 1381 863; x_wconf 89' lang='lat' dir='ltr'>reliqua</span> <span class='ocrx_word' id='word_1_83' title='bbox 1416 811 1548 851; x_wconf 84' lang='lat' dir='ltr'>omnia</span> <span class='ocrx_word' id='word_1_84' title='bbox 1588 810 1628 850; x_wconf 84' lang='lat' dir='ltr'>in</span> <span class='ocrx_word' id='word_1_85' title='bbox 1679 809 1754 850; x_wconf 85' lang='lat' dir='ltr'>hoc</span> <span class='ocrx_word' id='word_1_86' title='bbox 1800 811 1846 851; x_wconf 88' lang='lat' dir='ltr'>li-</span> 
     </span>
     <span class='ocr_line' id='line_1_12' title="bbox 527 871 1843 928; baseline -0.001 -12"><span class='ocrx_word' id='word_1_87' title='bbox 527 875 598 916; x_wconf 86' lang='lat' dir='ltr'>bro</span> <span class='ocrx_word' id='word_1_88' title='bbox 638 876 898 928; x_wconf 84' lang='lat' dir='ltr'>obteguntur,</span> <span class='ocrx_word' id='word_1_89' title='bbox 938 885 1060 927; x_wconf 89' lang='lat' dir='ltr'>neque</span> <span class='ocrx_word' id='word_1_90' title='bbox 1099 884 1283 927; x_wconf 84' lang='lat' dir='ltr'>apparere</span> <span class='ocrx_word' id='word_1_91' title='bbox 1324 873 1504 914; x_wconf 85' lang='lat' dir='ltr'>sinuntur.</span> <span class='ocrx_word' id='word_1_92' title='bbox 1570 871 1685 913; x_wconf 87' lang='lat' dir='ltr'>Certe</span> <span class='ocrx_word' id='word_1_93' title='bbox 1725 886 1843 914; x_wconf 90' lang='lat' dir='ltr'>nemo</span> 
     </span>
     <span class='ocr_line' id='line_1_13' title="bbox 525 935 1844 993; baseline -0.002 -13"><span class='ocrx_word' id='word_1_94' title='bbox 525 939 626 991; x_wconf 86' lang='lat' dir='ltr'>erit,</span> <span class='ocrx_word' id='word_1_95' title='bbox 680 940 743 993; x_wconf 87' lang='lat' dir='ltr'>qui</span> <span class='ocrx_word' id='word_1_96' title='bbox 796 939 835 978; x_wconf 88' lang='lat' dir='ltr'>in</span> <span class='ocrx_word' id='word_1_97' title='bbox 872 938 965 989; x_wconf 82' lang='lat' dir='ltr'>illa,</span> <span class='ocrx_word' id='word_1_98' title='bbox 1014 949 1130 989; x_wconf 87' lang='lat' dir='ltr'>quam</span> <span class='ocrx_word' id='word_1_99' title='bbox 1179 937 1353 978; x_wconf 84' lang='lat' dir='ltr'>manibus</span> <span class='ocrx_word' id='word_1_100' title='bbox 1391 938 1575 990; x_wconf 80' lang='lat' dir='ltr'>terimus,</span> <span class='ocrx_word' id='word_1_101' title='bbox 1608 935 1844 990; x_wconf 73' lang='lat' dir='ltr'>Scaligerana</span> 
     </span>
     <span class='ocr_line' id='line_1_14' title="bbox 526 995 1843 1059; baseline -0.002 -15"><span class='ocrx_word' id='word_1_102' title='bbox 526 999 830 1057; x_wconf 63' lang='grc' dir='ltr'>Ολυμπιάδων</span> <span class='ocrx_word' id='word_1_103' title='bbox 869 995 1112 1059; x_wconf 52' lang='grc' dir='ltr'>ἀναγραφῇ</span> <span class='ocrx_word' id='word_1_104' title='bbox 1146 1000 1250 1041; x_wconf 87' lang='lat' dir='ltr'>illam</span> <span class='ocrx_word' id='word_1_105' title='bbox 1291 1013 1312 1040; x_wconf 85' lang='lat' dir='ltr'>a</span> <span class='ocrx_word' id='word_1_106' title='bbox 1346 1000 1556 1053; x_wconf 84' lang='lat' dir='ltr'>patriarcha</span> <span class='ocrx_word' id='word_1_107' title='bbox 1607 1000 1750 1040; x_wconf 85' lang='lat' dir='ltr'>Photio</span> <span class='ocrx_word' id='word_1_108' title='bbox 1782 1014 1843 1042; x_wconf 89' lang='lat' dir='ltr'>re-</span> 
     </span>
     <span class='ocr_line' id='line_1_15' title="bbox 525 1064 1842 1121; baseline -0.002 -14"><span class='ocrx_word' id='word_1_109' title='bbox 525 1066 749 1121; x_wconf 81' lang='lat' dir='ltr'>prehensam</span> <span class='ocrx_word' id='word_1_110' title='bbox 780 1065 1037 1106; x_wconf 82' lang='lat' dir='ltr'>curiositatem</span> <span class='ocrx_word' id='word_1_111' title='bbox 1078 1065 1241 1105; x_wconf 87' lang='lat' dir='ltr'>nimiam</span> <span class='ocrx_word' id='word_1_112' title='bbox 1259 1096 1272 1116; x_wconf 88' lang='lat'>,</span> <span class='ocrx_word' id='word_1_113' title='bbox 1313 1073 1377 1104; x_wconf 90' lang='lat' dir='ltr'>aut</span> <span class='ocrx_word' id='word_1_114' title='bbox 1407 1064 1483 1119; x_wconf 83' lang='lat' dir='ltr'>qui,</span> <span class='ocrx_word' id='word_1_115' title='bbox 1504 1064 1677 1118; x_wconf 73' lang='lat' dir='ltr'>responsi</span> <span class='ocrx_word' id='word_1_116' title='bbox 1708 1076 1842 1105; x_wconf 79' lang='lat' dir='ltr'>oracu-</span> 
     </span>
     <span class='ocr_line' id='line_1_16' title="bbox 525 1127 1840 1184; baseline -0.001 -13"><span class='ocrx_word' id='word_1_117' title='bbox 525 1130 654 1172; x_wconf 81' lang='lat' dir='ltr'>lorum</span> <span class='ocrx_word' id='word_1_118' title='bbox 701 1128 980 1184; x_wconf 78' lang='lat' dir='ltr'>supexstitiosius</span> <span class='ocrx_word' id='word_1_119' title='bbox 1027 1127 1215 1179; x_wconf 68' lang='lat' dir='ltr'>collecta,</span> <span class='ocrx_word' id='word_1_120' title='bbox 1250 1127 1408 1168; x_wconf 83' lang='lat' dir='ltr'>notandi</span> <span class='ocrx_word' id='word_1_121' title='bbox 1438 1127 1586 1169; x_wconf 84' lang='lat' dir='ltr'>causam</span> <span class='ocrx_word' id='word_1_122' title='bbox 1639 1129 1840 1170; x_wconf 87' lang='lat' dir='ltr'>inuenerit.</span> 
     </span>
     <span class='ocr_line' id='line_1_17' title="bbox 525 1190 1858 1248; baseline -0.002 -13"><span class='ocrx_word' id='word_1_123' title='bbox 525 1193 655 1248; x_wconf 85' lang='lat' dir='ltr'>Atque</span> <span class='ocrx_word' id='word_1_124' title='bbox 688 1195 839 1235; x_wconf 85' lang='lat' dir='ltr'>vtinam</span> <span class='ocrx_word' id='word_1_125' title='bbox 874 1191 964 1234; x_wconf 84' lang='lat' dir='ltr'>esset</span> <span class='ocrx_word' id='word_1_126' title='bbox 997 1192 1107 1232; x_wconf 86' lang='lat' dir='ltr'>nobis</span> <span class='ocrx_word' id='word_1_127' title='bbox 1138 1192 1285 1245; x_wconf 87' lang='lat' dir='ltr'>integer</span> <span class='ocrx_word' id='word_1_128' title='bbox 1317 1190 1636 1233; x_wconf 79' lang='lat' dir='ltr'>conseruatushic</span> <span class='ocrx_word' id='word_1_129' title='bbox 1656 1192 1858 1245; x_wconf 81' lang='lat' dir='ltr'>Phlegon:</span> 
     </span>
     <span class='ocr_line' id='line_1_18' title="bbox 525 1255 1848 1310; baseline -0.004 -10"><span class='ocrx_word' id='word_1_130' title='bbox 525 1271 617 1299; x_wconf 80' lang='lat' dir='ltr'>narn</span> <span class='ocrx_word' id='word_1_131' title='bbox 636 1258 665 1299; x_wconf 83' lang='lat' dir='ltr'>si</span> <span class='ocrx_word' id='word_1_132' title='bbox 682 1256 877 1308; x_wconf 74' lang='lat' dir='ltr'>habuisset,</span> <span class='ocrx_word' id='word_1_133' title='bbox 895 1257 1025 1310; x_wconf 84' lang='lat' dir='ltr'>utique</span> <span class='ocrx_word' id='word_1_134' title='bbox 1042 1268 1136 1309; x_wconf 73' lang='lat' dir='ltr'>quae</span> <span class='ocrx_word' id='word_1_135' title='bbox 1155 1267 1231 1295; x_wconf 86' lang='lat' dir='ltr'>non</span> <span class='ocrx_word' id='word_1_136' title='bbox 1253 1256 1378 1295; x_wconf 81' lang='lat' dir='ltr'>iuuare</span> <span class='ocrx_word' id='word_1_137' title='bbox 1397 1255 1648 1309; x_wconf 83' lang='lat' dir='ltr'>patriarcham</span> <span class='ocrx_word' id='word_1_138' title='bbox 1675 1255 1848 1310; x_wconf 78' lang='lat' dir='ltr'>possent,</span> 
     </span>
     <span class='ocr_line' id='line_1_19' title="bbox 527 1319 1847 1376; baseline -0.003 -13"><span class='ocrx_word' id='word_1_139' title='bbox 527 1323 776 1376; x_wconf 81' lang='lat' dir='ltr'>suppeditaret</span> <span class='ocrx_word' id='word_1_140' title='bbox 793 1331 916 1373; x_wconf 86' lang='lat' dir='ltr'>certe,</span> <span class='ocrx_word' id='word_1_141' title='bbox 936 1321 1204 1373; x_wconf 85' lang='lat' dir='ltr'>antiquitatum</span> <span class='ocrx_word' id='word_1_142' title='bbox 1219 1329 1259 1359; x_wconf 89' lang='lat' dir='ltr'>et</span> <span class='ocrx_word' id='word_1_143' title='bbox 1277 1319 1514 1360; x_wconf 87' lang='lat' dir='ltr'>historiarum</span> <span class='ocrx_word' id='word_1_144' title='bbox 1533 1321 1676 1360; x_wconf 78' lang='lat' dir='ltr'>minuta</span> <span class='ocrx_word' id='word_1_145' title='bbox 1694 1331 1847 1373; x_wconf 90' lang='lat' dir='ltr'>quaere-</span> 
     </span>
     <span class='ocr_line' id='line_1_20' title="bbox 528 1383 1845 1436; baseline -0.002 -10"><span class='ocrx_word' id='word_1_146' title='bbox 528 1398 569 1426; x_wconf 85' lang='lat' dir='ltr'>re</span> <span class='ocrx_word' id='word_1_147' title='bbox 587 1385 738 1427; x_wconf 89' lang='lat' dir='ltr'>subinde</span> <span class='ocrx_word' id='word_1_148' title='bbox 760 1385 912 1435; x_wconf 69' lang='lat' dir='ltr'>coactis,</span> <span class='ocrx_word' id='word_1_149' title='bbox 934 1385 1152 1435; x_wconf 82' lang='lat' dir='ltr'>innumera,</span> <span class='ocrx_word' id='word_1_150' title='bbox 1171 1395 1264 1436; x_wconf 82' lang='lat' dir='ltr'>quae</span> <span class='ocrx_word' id='word_1_151' title='bbox 1283 1383 1566 1436; x_wconf 85' lang='lat' dir='ltr'>indagationem</span> <span class='ocrx_word' id='word_1_152' title='bbox 1587 1396 1721 1424; x_wconf 88' lang='lat' dir='ltr'>eorum</span> <span class='ocrx_word' id='word_1_153' title='bbox 1743 1395 1845 1424; x_wconf 88' lang='lat' dir='ltr'>nunc</span> 
     </span>
     <span class='ocr_line' id='line_1_21' title="bbox 528 1446 1844 1501; baseline -0.002 -11"><span class='ocrx_word' id='word_1_154' title='bbox 528 1449 753 1490; x_wconf 86' lang='lat' dir='ltr'>frustrantur.</span> <span class='ocrx_word' id='word_1_155' title='bbox 790 1447 906 1490; x_wconf 88' lang='lat' dir='ltr'>Certe</span> <span class='ocrx_word' id='word_1_156' title='bbox 924 1448 1134 1501; x_wconf 70' lang='lat' dir='ltr'>conspecto</span> <span class='ocrx_word' id='word_1_157' title='bbox 1151 1446 1355 1488; x_wconf 87' lang='lat' dir='ltr'>Alcibiadis</span> <span class='ocrx_word' id='word_1_158' title='bbox 1382 1448 1542 1488; x_wconf 90' lang='lat' dir='ltr'>nomine</span> <span class='ocrx_word' id='word_1_159' title='bbox 1575 1448 1615 1488; x_wconf 89' lang='lat' dir='ltr'>in</span> <span class='ocrx_word' id='word_1_160' title='bbox 1651 1447 1844 1488; x_wconf 57' lang='lat' dir='ltr'>victorum</span> 
     </span>
     <span class='ocr_line' id='line_1_22' title="bbox 529 1510 1847 1565; baseline -0.002 -11"><span class='ocrx_word' id='word_1_161' title='bbox 529 1513 665 1554; x_wconf 89' lang='lat' dir='ltr'>curulis</span> <span class='ocrx_word' id='word_1_162' title='bbox 681 1513 895 1554; x_wconf 84' lang='lat' dir='ltr'>certaminis</span> <span class='ocrx_word' id='word_1_163' title='bbox 914 1512 1036 1552; x_wconf 87' lang='lat' dir='ltr'>indice</span> <span class='ocrx_word' id='word_1_164' title='bbox 1073 1523 1153 1551; x_wconf 87' lang='lat' dir='ltr'>non</span> <span class='ocrx_word' id='word_1_165' title='bbox 1191 1511 1402 1564; x_wconf 83' lang='lat' dir='ltr'>cogitatum</span> <span class='ocrx_word' id='word_1_166' title='bbox 1434 1510 1550 1552; x_wconf 77' lang='lat' dir='ltr'>suisset</span> <span class='ocrx_word' id='word_1_167' title='bbox 1574 1511 1621 1551; x_wconf 91' lang='lat' dir='ltr'>de</span> <span class='ocrx_word' id='word_1_168' title='bbox 1648 1510 1847 1565; x_wconf 79' lang='lat' dir='ltr'>Olympiis</span> 
     </span>
     <span class='ocr_line' id='line_1_23' title="bbox 530 1574 1690 1631; baseline -0.003 -13"><span class='ocrx_word' id='word_1_169' title='bbox 530 1577 781 1630; x_wconf 82' lang='lat' dir='ltr'>Macedoniis,</span> <span class='ocrx_word' id='word_1_170' title='bbox 799 1575 900 1631; x_wconf 87' lang='lat' dir='ltr'>quod</span> <span class='ocrx_word' id='word_1_171' title='bbox 919 1574 1106 1616; x_wconf 83' lang='lat' dir='ltr'>Alcibiadi</span> <span class='ocrx_word' id='word_1_172' title='bbox 1125 1584 1270 1615; x_wconf 87' lang='lat' dir='ltr'>tantam</span> <span class='ocrx_word' id='word_1_173' title='bbox 1294 1575 1456 1627; x_wconf 86' lang='lat' dir='ltr'>gloriam</span> <span class='ocrx_word' id='word_1_174' title='bbox 1483 1575 1690 1615; x_wconf 80' lang='lat' dir='ltr'>attulerint.</span> 
     </span>
    </p>

    <p class='ocr_par' dir='ltr' id='par_1_3' title="bbox 526 1637 1847 2140">
     <span class='ocr_line' id='line_1_24' title="bbox 644 1637 1843 1692; baseline -0.005 -10"><span class='ocrx_word' id='word_1_175' title='bbox 644 1640 720 1682; x_wconf 88' lang='lat' dir='ltr'>Sed</span> <span class='ocrx_word' id='word_1_176' title='bbox 752 1642 918 1682; x_wconf 88' lang='lat' dir='ltr'>redimus</span> <span class='ocrx_word' id='word_1_177' title='bbox 950 1640 991 1679; x_wconf 85' lang='lat' dir='ltr'>in</span> <span class='ocrx_word' id='word_1_178' title='bbox 1024 1640 1129 1679; x_wconf 87' lang='lat' dir='ltr'>viam</span> <span class='ocrx_word' id='word_1_179' title='bbox 1148 1671 1158 1690; x_wconf 88' lang='lat'>,</span> <span class='ocrx_word' id='word_1_180' title='bbox 1191 1638 1386 1692; x_wconf 71' lang='lat' dir='ltr'>quaesituri</span> <span class='ocrx_word' id='word_1_181' title='bbox 1421 1651 1560 1679; x_wconf 83' lang='lat' dir='ltr'>annum</span> <span class='ocrx_word' id='word_1_182' title='bbox 1583 1671 1592 1688; x_wconf 88' lang='lat'>‚</span> <span class='ocrx_word' id='word_1_183' title='bbox 1626 1650 1704 1689; x_wconf 83' lang='lat' dir='ltr'>quo</span> <span class='ocrx_word' id='word_1_184' title='bbox 1736 1637 1843 1676; x_wconf 84' lang='lat' dir='ltr'>Alci-</span> 
     </span>
     <span class='ocr_line' id='line_1_25' title="bbox 526 1699 1839 1757; baseline -0.003 -13"><span class='ocrx_word' id='word_1_185' title='bbox 526 1703 676 1744; x_wconf 91' lang='lat' dir='ltr'>biadem</span> <span class='ocrx_word' id='word_1_186' title='bbox 710 1703 921 1757; x_wconf 79' lang='lat' dir='ltr'>Olympiae</span> <span class='ocrx_word' id='word_1_187' title='bbox 954 1702 1146 1742; x_wconf 62' lang='lat' dir='ltr'>victorem</span> <span class='ocrx_word' id='word_1_188' title='bbox 1181 1702 1339 1742; x_wconf 88' lang='lat' dir='ltr'>citatum</span> <span class='ocrx_word' id='word_1_189' title='bbox 1371 1701 1473 1741; x_wconf 72' lang='lat' dir='ltr'>fiiiffe</span> <span class='ocrx_word' id='word_1_190' title='bbox 1521 1700 1736 1740; x_wconf 81' lang='lat' dir='ltr'>verofimile</span> <span class='ocrx_word' id='word_1_191' title='bbox 1781 1699 1839 1740; x_wconf 80' lang='lat' dir='ltr'>sit.</span> 
     </span>
     <span class='ocr_line' id='line_1_26' title="bbox 530 1763 1841 1817; baseline -0.004 -10"><span class='ocrx_word' id='word_1_192' title='bbox 530 1766 795 1809; x_wconf 86' lang='lat' dir='ltr'>Necessarium</span> <span class='ocrx_word' id='word_1_193' title='bbox 838 1766 891 1805; x_wconf 90' lang='lat' dir='ltr'>est</span> <span class='ocrx_word' id='word_1_194' title='bbox 931 1765 1063 1817; x_wconf 79' lang='lat' dir='ltr'>vtique</span> <span class='ocrx_word' id='word_1_195' title='bbox 1102 1764 1211 1803; x_wconf 90' lang='lat' dir='ltr'>illum</span> <span class='ocrx_word' id='word_1_196' title='bbox 1245 1763 1320 1803; x_wconf 77' lang='lat' dir='ltr'>ess‘e</span> <span class='ocrx_word' id='word_1_197' title='bbox 1352 1773 1437 1804; x_wconf 87' lang='lat' dir='ltr'>ante</span> <span class='ocrx_word' id='word_1_198' title='bbox 1473 1763 1562 1803; x_wconf 91' lang='lat' dir='ltr'>belli</span> <span class='ocrx_word' id='word_1_199' title='bbox 1598 1763 1841 1817; x_wconf 80' lang='lat' dir='ltr'>Peloponne-</span> 
     </span>
     <span class='ocr_line' id='line_1_27' title="bbox 527 1825 1844 1880; baseline -0.004 -9"><span class='ocrx_word' id='word_1_200' title='bbox 527 1831 615 1871; x_wconf 85' lang='lat' dir='ltr'>fiaci</span> <span class='ocrx_word' id='word_1_201' title='bbox 648 1842 789 1870; x_wconf 80' lang='lat' dir='ltr'>annum</span> <span class='ocrx_word' id='word_1_202' title='bbox 821 1825 957 1870; x_wconf 88' lang='lat' dir='ltr'><strong>XVII.</strong></span> <span class='ocrx_word' id='word_1_203' title='bbox 993 1840 1015 1866; x_wconf 82' lang='lat' dir='ltr'>a</span> <span class='ocrx_word' id='word_1_204' title='bbox 1048 1827 1156 1867; x_wconf 85' lang='lat' dir='ltr'>nobis</span> <span class='ocrx_word' id='word_1_205' title='bbox 1189 1826 1486 1879; x_wconf 86' lang='lat' dir='ltr'>requirendum:</span> <span class='ocrx_word' id='word_1_206' title='bbox 1525 1826 1594 1866; x_wconf 91' lang='lat' dir='ltr'>illo</span> <span class='ocrx_word' id='word_1_207' title='bbox 1624 1828 1752 1878; x_wconf 82' lang='lat' dir='ltr'>cuim,</span> <span class='ocrx_word' id='word_1_208' title='bbox 1779 1828 1844 1880; x_wconf 85' lang='lat' dir='ltr'>qu&#39;r</span> 
     </span>
     <span class='ocr_line' id='line_1_28' title="bbox 531 1889 1840 1946; baseline -0.002 -13"><span class='ocrx_word' id='word_1_209' title='bbox 531 1893 779 1946; x_wconf 73' lang='lat' dir='ltr'>Olympiadis</span> <span class='ocrx_word' id='word_1_210' title='bbox 808 1890 1055 1933; x_wconf 81' lang='lat' dir='ltr'>LXXXXI.</span> <span class='ocrx_word' id='word_1_211' title='bbox 1099 1890 1246 1943; x_wconf 87' lang='lat' dir='ltr'>primus</span> <span class='ocrx_word' id='word_1_212' title='bbox 1275 1900 1382 1940; x_wconf 83' lang='lat' dir='ltr'>erat,</span> <span class='ocrx_word' id='word_1_213' title='bbox 1417 1889 1542 1929; x_wconf 79' lang='lat' dir='ltr'>habita</span> <span class='ocrx_word' id='word_1_214' title='bbox 1577 1892 1629 1930; x_wconf 89' lang='lat' dir='ltr'>est</span> <span class='ocrx_word' id='word_1_215' title='bbox 1662 1890 1723 1930; x_wconf 87' lang='lat' dir='ltr'>illa</span> <span class='ocrx_word' id='word_1_216' title='bbox 1758 1903 1840 1930; x_wconf 80' lang='lat' dir='ltr'>ora-</span> 
     </span>
     <span class='ocr_line' id='line_1_29' title="bbox 532 1953 1843 2008; baseline -0.004 -11"><span class='ocrx_word' id='word_1_217' title='bbox 532 1958 588 1997; x_wconf 84' lang='lat' dir='ltr'>tio</span> <span class='ocrx_word' id='word_1_218' title='bbox 622 1957 855 2008; x_wconf 83' lang='lat' dir='ltr'>Alcibiadis,</span> <span class='ocrx_word' id='word_1_219' title='bbox 894 1956 996 1996; x_wconf 82' lang='lat' dir='ltr'>cuius</span> <span class='ocrx_word' id='word_1_220' title='bbox 1026 1963 1293 2006; x_wconf 82' lang='lat' dir='ltr'>argumentum</span> <span class='ocrx_word' id='word_1_221' title='bbox 1338 1953 1448 1993; x_wconf 79' lang='lat' dir='ltr'>nobis</span> <span class='ocrx_word' id='word_1_222' title='bbox 1476 1953 1771 2006; x_wconf 67' lang='lat' dir='ltr'>diligentissimus</span> <span class='ocrx_word' id='word_1_223' title='bbox 1803 1964 1843 1993; x_wconf 82' lang='lat' dir='ltr'>et</span> 
     </span>
     <span class='ocr_line' id='line_1_30' title="bbox 532 2015 1847 2074; baseline -0.002 -14"><span class='ocrx_word' id='word_1_224' title='bbox 532 2033 690 2061; x_wconf 88' lang='lat' dir='ltr'>coaeuus</span> <span class='ocrx_word' id='word_1_225' title='bbox 729 2021 888 2074; x_wconf 87' lang='lat' dir='ltr'>scriptor</span> <span class='ocrx_word' id='word_1_226' title='bbox 928 2015 1302 2059; x_wconf 86' lang='lat' dir='ltr'><strong>THVCYDIDES</strong></span> <span class='ocrx_word' id='word_1_227' title='bbox 1346 2016 1486 2067; x_wconf 83' lang='lat' dir='ltr'>refert,</span> <span class='ocrx_word' id='word_1_228' title='bbox 1525 2027 1564 2056; x_wconf 88' lang='lat' dir='ltr'>et</span> <span class='ocrx_word' id='word_1_229' title='bbox 1597 2019 1695 2057; x_wconf 61' lang='lat' dir='ltr'>inde</span> <span class='ocrx_word' id='word_1_230' title='bbox 1737 2017 1847 2057; x_wconf 75' lang='lat' dir='ltr'>liuius</span> 
     </span>
     <span class='ocr_line' id='line_1_31' title="bbox 529 2080 1844 2140; baseline -0.005 -14"><span class='ocrx_word' id='word_1_231' title='bbox 529 2084 788 2139; x_wconf 77' lang='lat' dir='ltr'>disquisitionis</span> <span class='ocrx_word' id='word_1_232' title='bbox 819 2092 1087 2140; x_wconf 84' lang='lat' dir='ltr'>argumentum</span> <span class='ocrx_word' id='word_1_233' title='bbox 1119 2081 1328 2124; x_wconf 80' lang='lat' dir='ltr'>sumsimus.</span> <span class='ocrx_word' id='word_1_234' title='bbox 1392 2080 1524 2123; x_wconf 78' lang='lat' dir='ltr'>Nimis</span> <span class='ocrx_word' id='word_1_235' title='bbox 1553 2082 1679 2137; x_wconf 81' lang='lat' dir='ltr'>itaque</span> <span class='ocrx_word' id='word_1_236' title='bbox 1712 2092 1844 2134; x_wconf 75' lang='lat' dir='ltr'>aperte</span> 
     </span>
    </p>

    <p class='ocr_par' dir='ltr' id='par_1_4' title="bbox 1725 2144 1844 2185">
     <span class='ocr_line' id='line_1_32' title="bbox 1725 2144 1844 2185; baseline -0.008 0"><span class='ocrx_word' id='word_1_237' title='bbox 1725 2144 1844 2185; x_wconf 71' lang='lat' dir='ltr'>hallu-</span> 
     </span>
    </p>
   </div>
  </div>
 </body>
</html>
