2044 2735
491 118 810 166 CORPORJ‘M
852 117 1238 162 FLEXJBHJVM
1468 128 1552 169 147

236 255 281 283 rc
314 254 393 281 nou
428 241 570 281 licebit.
639 238 780 292 Neque
813 250 910 278 vero
945 239 1130 291 principia
1165 234 1389 276 mechanica
1430 237 1554 277 adhue

238 307 320 346 stitis
356 307 435 345 lunt
467 305 619 344 cuoluta
641 337 651 355 ,
687 313 730 342 vt
764 314 816 342 cx
851 302 896 340 iis
929 313 1056 342 motus
1092 300 1300 341 istiusmodi
1327 300 1556 353 irregulares,

237 371 302 423 qui
341 370 560 423 prodeunt,
595 366 621 406 si
655 367 827 418 corporis
862 375 988 417 partes
1023 376 1217 416 vrcunque
1252 375 1302 402 ex
1338 365 1406 404 situ
1427 366 1555 418 aequi-

237 434 334 473 librii
376 442 648 480 remouentur,
688 429 734 468 nd
780 427 970 468 calculum
1012 427 1184 468 reuocari
1226 434 1337 478 atque
1384 440 1556 468 accurate

238 496 385 536 definiri
420 504 588 548 queant:
625 492 816 532 eiusmodi
850 503 945 544 ergo
981 492 1149 532 motibus
1171 489 1410 542 explicandis
1430 492 1556 545 luper-

235 560 360 600 sedere
394 559 589 599 debemus.

353 623 387 670 §.
426 632 495 668 30.
534 618 788 676 Quantumuis
817 627 947 659 autem
982 617 1054 660 hae
1082 618 1333 659 oscillationcs
1351 618 1462 658 initio
1481 617 1553 658 fint

234 684 405 727 confusae
439 694 478 724 et
509 682 726 736 irregulares
745 715 756 733 ,
787 692 917 722 tamen
949 694 1016 722 eae
1051 696 1152 723 mox
1173 716 1183 734 ,
1224 684 1385 723 docente
1429 694 1552 734 expe-

232 750 396 800 rientia,
430 748 481 787 ita
514 748 548 787 Ie
581 747 627 786 ad
670 745 977 786 vniformitatem
1015 755 1290 799 componunt,
1329 755 1375 785 vt
1416 757 1552 786 omnes

232 822 358 866 partes
391 810 502 851 simul
533 810 580 851 ad
612 810 747 850 statum
783 810 994 863 aequilibrii
1027 811 1276 864 pertingant,
1312 820 1422 862 atque
1441 808 1551 849 oscil-

231 876 412 926 lationes,
444 874 471 915 fi
503 874 657 928 quidem
691 874 762 914 sint
793 874 977 913 minimae
998 909 1008 925 ,
1041 887 1131 914 cum
1150 872 1440 914 oscillationibus
1457 885 1553 925 pen-

231 939 310 979 duli
344 939 520 992 simplicis
539 938 754 990 comparari
773 946 926 991 queant.
963 937 1233 993 Quamobrem
1255 949 1465 990 corporum
1485 935 1552 975 fle-

231 1002 410 1043 xibilium
445 1001 702 1043 oscillantium
736 1013 799 1041 eas
831 1009 977 1041 tantum
1013 1001 1264 1041 oscillationes
1297 999 1359 1040 hic
1396 1000 1554 1040 inuesti-

231 1066 424 1119 gabimus,
457 1077 552 1119 quae.
585 1066 656 1105 sint
689 1064 877 1117 regulares
899 1095 910 1115 ‚
948 1074 986 1104 et
1025 1065 1063 1104 in
1108 1065 1239 1118 quibus
1280 1076 1418 1105 omnes
1459 1076 1546 1118 par-

234 1139 290 1169 tes
322 1130 368 1170 ad
400 1130 536 1169 statum
571 1128 775 1181 aequilibrii
811 1127 919 1168 simul
950 1128 1134 1168 accedunt
1155 1161 1164 1179 ‚
1199 1127 1383 1181 simulque
1413 1127 1460 1167 ab
1499 1138 1549 1167 eo

235 1193 432 1232 recedunt.
500 1191 547 1231 In
589 1191 666 1231 hoc
708 1192 822 1243 igitur
866 1192 1054 1243 negotio,
1106 1201 1306 1244 antequam
1347 1190 1553 1243 longitudo

234 1255 392 1309 penduli
423 1254 606 1308 simplicis
642 1254 835 1294 isochroni
867 1253 1016 1294 definiri
1037 1264 1169 1307 queat,
1201 1254 1467 1307 inquirendum
1488 1253 1555 1306 est,

232 1329 415 1373 quantum
449 1317 610 1371 singulae
643 1319 813 1371 corporis
847 1328 971 1371 partes
1004 1330 1024 1357 a
1058 1316 1122 1357 suo
1143 1350 1152 1368 ,
1186 1329 1300 1370 quem
1338 1317 1377 1358 in
1414 1317 1546 1371 aequi-

231 1382 343 1423 librio
376 1393 506 1422 tenent
528 1412 538 1432 ,
576 1381 645 1422 situ
679 1382 868 1421 remoueri
903 1381 1095 1431 debeant,
1128 1390 1172 1420 vt
1204 1381 1270 1420 sibi
1304 1380 1457 1420 relictae
1498 1380 1545 1420 fi-

231 1446 315 1486 mul
347 1446 391 1486 ad
426 1447 559 1485 statum
593 1444 804 1498 aequilibrii
840 1445 1077 1498 perueniant.
1143 1442 1297 1484 Scilicet
1329 1456 1416 1484 cum
1459 1455 1548 1483 cor·

230 1521 299 1562 pus
333 1510 377 1550 sit
412 1509 570 1559 flexile,
605 1508 814 1561 inuestigari
849 1517 1009 1561 oportet
1050 1505 1210 1559 figuram
1233 1540 1243 1559 ,
1284 1519 1402 1560 quam
1444 1507 1547 1548 inter

229 1572 476 1613 oscillandum
510 1572 640 1612 induet
658 1604 668 1622 ,
693 1582 737 1612 vt
767 1571 1026 1612 oscillationes
1057 1570 1150 1611 fiant
1184 1570 1425 1624 aequabile53
1470 1571 1548 1611 siue

230 1648 319 1676 cum
353 1649 492 1690 corpus
525 1635 682 1676 infinitis
721 1636 849 1675 modis
891 1635 938 1674 de
980 1635 1072 1675 statu
1112 1634 1322 1688 aequilibrii
1364 1634 1553 1674 deturbari

229 1710 369 1753 queat,
405 1701 443 1739 in
478 1712 542 1739 eos
577 1699 717 1739 modos
748 1709 834 1738 ante
868 1700 1001 1738 omnia
1035 1699 1089 1738 est
1123 1698 1389 1751 inquirendum
1410 1731 1420 1748 ,
1463 1699 1547 1752 qui-

228 1764 295 1803 bus
329 1762 492 1815 singulae
528 1772 653 1816 partes
685 1763 793 1802 simul
827 1763 962 1802 iterum
998 1763 1043 1802 ad
1079 1761 1285 1815 aequilibrii
1320 1761 1457 1801 statum
1477 1775 1547 1815 ap-

228 1827 410 1879 pellunt,
465 1839 589 1880 eoque
644 1825 893 1865 oscillationcs
943 1826 1153 1879 aequabiles
1196 1824 1405 1864 absohumt.
1479 1824 1546 1865 In·

232 1900 347 1928 venta
382 1899 507 1929 autem
539 1891 724 1930 eiusmodi
760 1890 893 1929 idonea
927 1890 1166 1939 inflexione,
1211 1901 1306 1941 quae
1347 1888 1547 1928 oscillatio-

230 1963 297 1989 nes
330 1953 509 2004 regulares
542 1954 754 2005 producat,
796 1953 900 1994 filcile
948 1954 1018 1994 erit
1061 1953 1345 2007 longitudinem
1386 1951 1545 2007 penduli

227 2012 405 2068 simplicis
436 2015 627 2057 isochroni
661 2016 851 2071 affignare.

829 2111 867 2151 T
902 2123 927 2149 2
1386 2111 1421 2159 ς.
1463 2121 1537 2160 3¹·
