<?xml version="1.0" encoding="UTF-8"?>
<!DOCTYPE html PUBLIC "-//W3C//DTD XHTML 1.0 Transitional//EN"
    "http://www.w3.org/TR/xhtml1/DTD/xhtml1-transitional.dtd">
<html xmlns="http://www.w3.org/1999/xhtml" xml:lang="en" lang="en">
 <head>
  <title>
</title>
<meta http-equiv="Content-Type" content="text/html;charset=utf-8" />
  <meta name='ocr-system' content='tesseract 3.04.00' />
  <meta name='ocr-capabilities' content='ocr_page ocr_carea ocr_par ocr_line ocrx_word'/>
</head>
<body>
  <div class='ocr_page' id='page_1' title='image "./commentariiacade13impe/commentariiacade13impe_0360.png"; bbox 0 0 2044 2735; ppageno 0'>
   <div class='ocr_carea' id='block_1_1' title="bbox 342 1824 504 1855">
    <p class='ocr_par' dir='ltr' id='par_1_1' title="bbox 342 1824 504 1855">
     <span class='ocr_line' id='line_1_1' title="bbox 342 1824 504 1855; baseline -0.019 0"><span class='ocrx_word' id='word_1_1' title='bbox 342 1824 419 1855; x_wconf 67' lang='grc' dir='ltr'><strong>Τὼ.</strong></span> <span class='ocrx_word' id='word_1_2' title='bbox 440 1824 504 1853; x_wconf 80' lang='lat' dir='ltr'><strong>xu.</strong></span> 
     </span>
    </p>
   </div>
   <div class='ocr_carea' id='block_1_2' title="bbox 361 1869 508 1909">
    <p class='ocr_par' dir='ltr' id='par_1_2' title="bbox 361 1869 508 1909">
     <span class='ocr_line' id='line_1_2' title="bbox 361 1869 508 1909; baseline 0 -9"><span class='ocrx_word' id='word_1_3' title='bbox 361 1869 411 1907; x_wconf 74' lang='lat' dir='ltr'><strong>fig.</strong></span> <span class='ocrx_word' id='word_1_4' title='bbox 432 1879 462 1906; x_wconf 79' lang='lat'><strong>4.</strong></span> <span class='ocrx_word' id='word_1_5' title='bbox 483 1879 508 1909; x_wconf 83' lang='lat'><strong>5.</strong></span> 
     </span>
    </p>
   </div>
   <div class='ocr_carea' id='block_1_3' title="bbox 526 108 1838 174">
    <p class='ocr_par' dir='ltr' id='par_1_3' title="bbox 526 108 1838 174">
     <span class='ocr_line' id='line_1_3' title="bbox 526 108 1838 174; baseline -0.005 -12"><span class='ocrx_word' id='word_1_6' title='bbox 526 129 553 172; x_wconf 76' lang='grc'>3</span> <span class='ocrx_word' id='word_1_7' title='bbox 564 131 586 174; x_wconf 82' lang='grc' dir='ltr'><em>ς</em></span> <span class='ocrx_word' id='word_1_8' title='bbox 597 131 619 161; x_wconf 83' lang='lat'>2</span> <span class='ocrx_word' id='word_1_9' title='bbox 651 111 976 162; x_wconf 83' lang='lat' dir='ltr'><em>TENTAMEN</em></span> <span class='ocrx_word' id='word_1_10' title='bbox 1000 112 1088 158; x_wconf 82' lang='lat' dir='ltr'><strong>EX</strong></span> <span class='ocrx_word' id='word_1_11' title='bbox 1091 110 1364 160; x_wconf 82' lang='lat' dir='ltr'><strong><em>PLICANDI</em></strong></span> <span class='ocrx_word' id='word_1_12' title='bbox 1382 108 1838 158; x_wconf 85' lang='lat' dir='ltr'><em>DILATATIONEM</em></span> 
     </span>
    </p>
   </div>
   <div class='ocr_carea' id='block_1_4' title="bbox 525 229 1846 2171">
    <p class='ocr_par' dir='ltr' id='par_1_4' title="bbox 525 229 1838 1111">
     <span class='ocr_line' id='line_1_4' title="bbox 643 229 1836 286; baseline -0.003 -10"><span class='ocrx_word' id='word_1_13' title='bbox 643 237 679 285; x_wconf 83' lang='lat'><strong>§.</strong></span> <span class='ocrx_word' id='word_1_14' title='bbox 714 244 756 283; x_wconf 86' lang='lat'><strong>7.</strong></span> <span class='ocrx_word' id='word_1_15' title='bbox 788 231 977 274; x_wconf 88' lang='lat' dir='ltr'>Scholion</span> <span class='ocrx_word' id='word_1_16' title='bbox 1007 230 1064 272; x_wconf 88' lang='grc' dir='ltr'><strong>ΙΙ.</strong></span> <span class='ocrx_word' id='word_1_17' title='bbox 1099 231 1243 273; x_wconf 78' lang='lat' dir='ltr'>Itidem</span> <span class='ocrx_word' id='word_1_18' title='bbox 1278 229 1387 286; x_wconf 88' lang='lat' dir='ltr'><strong>posse</strong></span> <span class='ocrx_word' id='word_1_19' title='bbox 1428 230 1642 284; x_wconf 57' lang='lat' dir='ltr'><strong>fluctuare,</strong></span> <span class='ocrx_word' id='word_1_20' title='bbox 1683 233 1721 272; x_wconf 91' lang='lat' dir='ltr'><strong>in</strong></span> <span class='ocrx_word' id='word_1_21' title='bbox 1762 231 1836 272; x_wconf 91' lang='lat' dir='ltr'><strong>hu-</strong></span> 
     </span>
     <span class='ocr_line' id='line_1_5' title="bbox 525 296 1835 351; baseline -0.005 -10"><span class='ocrx_word' id='word_1_22' title='bbox 525 311 639 342; x_wconf 89' lang='lat' dir='ltr'><strong>more</strong></span> <span class='ocrx_word' id='word_1_23' title='bbox 681 309 804 351; x_wconf 84' lang='lat' dir='ltr'><strong>aqueo</strong></span> <span class='ocrx_word' id='word_1_24' title='bbox 847 296 1029 336; x_wconf 89' lang='lat' dir='ltr'><strong>vndulare</strong></span> <span class='ocrx_word' id='word_1_25' title='bbox 1051 328 1062 347; x_wconf 87' lang='lat'>‚</span> <span class='ocrx_word' id='word_1_26' title='bbox 1104 296 1273 336; x_wconf 82' lang='lat' dir='ltr'><strong>innatare</strong></span> <span class='ocrx_word' id='word_1_27' title='bbox 1292 328 1302 347; x_wconf 88' lang='lat'>,</span> <span class='ocrx_word' id='word_1_28' title='bbox 1343 305 1383 335; x_wconf 88' lang='lat' dir='ltr'><strong>et</strong></span> <span class='ocrx_word' id='word_1_29' title='bbox 1423 306 1644 348; x_wconf 86' lang='lat' dir='ltr'><strong>quocunque</strong></span> <span class='ocrx_word' id='word_1_30' title='bbox 1676 297 1835 349; x_wconf 90' lang='lat' dir='ltr'><strong>denique</strong></span> 
     </span>
     <span class='ocr_line' id='line_1_6' title="bbox 526 358 1836 413; baseline -0.004 -10"><span class='ocrx_word' id='word_1_31' title='bbox 526 363 688 404; x_wconf 85' lang='lat' dir='ltr'><strong>nomine</strong></span> <span class='ocrx_word' id='word_1_32' title='bbox 719 361 819 402; x_wconf 89' lang='lat' dir='ltr'><strong>hunc</strong></span> <span class='ocrx_word' id='word_1_33' title='bbox 851 369 1006 402; x_wconf 90' lang='lat' dir='ltr'><strong>motum</strong></span> <span class='ocrx_word' id='word_1_34' title='bbox 1046 359 1222 412; x_wconf 79' lang='lat' dir='ltr'><strong>insignire</strong></span> <span class='ocrx_word' id='word_1_35' title='bbox 1252 358 1463 413; x_wconf 87' lang='lat' dir='ltr'>placuerit,</span> <span class='ocrx_word' id='word_1_36' title='bbox 1503 358 1645 399; x_wconf 88' lang='lat' dir='ltr'><strong>nullum</strong></span> <span class='ocrx_word' id='word_1_37' title='bbox 1677 360 1730 400; x_wconf 90' lang='lat' dir='ltr'><strong>est</strong></span> <span class='ocrx_word' id='word_1_38' title='bbox 1767 359 1836 398; x_wconf 79' lang='lat' dir='ltr'><strong>du·</strong></span> 
     </span>
     <span class='ocr_line' id='line_1_7' title="bbox 527 420 1835 467; baseline -0.003 0"><span class='ocrx_word' id='word_1_39' title='bbox 527 427 646 467; x_wconf 86' lang='lat' dir='ltr'><strong>bium.</strong></span> <span class='ocrx_word' id='word_1_40' title='bbox 708 423 798 466; x_wconf 84' lang='lat' dir='ltr'><strong>Hoc</strong></span> <span class='ocrx_word' id='word_1_41' title='bbox 831 436 882 464; x_wconf 87' lang='lat' dir='ltr'><strong>ex</strong></span> <span class='ocrx_word' id='word_1_42' title='bbox 912 424 991 463; x_wconf 87' lang='lat' dir='ltr'><strong>eius</strong></span> <span class='ocrx_word' id='word_1_43' title='bbox 1023 422 1202 464; x_wconf 63' lang='lat' dir='ltr'><strong>structura</strong></span> <span class='ocrx_word' id='word_1_44' title='bbox 1245 422 1359 462; x_wconf 91' lang='lat' dir='ltr'><strong>molli</strong></span> <span class='ocrx_word' id='word_1_45' title='bbox 1398 431 1439 461; x_wconf 86' lang='lat' dir='ltr'><strong>et</strong></span> <span class='ocrx_word' id='word_1_46' title='bbox 1476 420 1704 463; x_wconf 77' lang='lat' dir='ltr'><strong>cohaesione</strong></span> <span class='ocrx_word' id='word_1_47' title='bbox 1745 435 1835 464; x_wconf 91' lang='lat' dir='ltr'><strong>cum</strong></span> 
     </span>
     <span class='ocr_line' id='line_1_8' title="bbox 527 484 1837 541; baseline -0.003 -11"><span class='ocrx_word' id='word_1_48' title='bbox 527 488 783 531; x_wconf 82' lang='lat' dir='ltr'><strong>adiacentibus</strong></span> <span class='ocrx_word' id='word_1_49' title='bbox 816 488 981 541; x_wconf 80' lang='lat' dir='ltr'><strong>partibus</strong></span> <span class='ocrx_word' id='word_1_50' title='bbox 1013 486 1219 527; x_wconf 86' lang='lat' dir='ltr'>luculenter</span> <span class='ocrx_word' id='word_1_51' title='bbox 1259 495 1429 539; x_wconf 83' lang='lat' dir='ltr'><strong>apparet.</strong></span> <span class='ocrx_word' id='word_1_52' title='bbox 1503 484 1697 527; x_wconf 80' lang='lat' dir='ltr'><strong>Praeterea</strong></span> <span class='ocrx_word' id='word_1_53' title='bbox 1737 486 1837 528; x_wconf 92' lang='lat' dir='ltr'><strong>mul·</strong></span> 
     </span>
     <span class='ocr_line' id='line_1_9' title="bbox 527 548 1838 602; baseline -0.004 -8"><span class='ocrx_word' id='word_1_54' title='bbox 527 562 608 594; x_wconf 88' lang='lat' dir='ltr'><strong>tum</strong></span> <span class='ocrx_word' id='word_1_55' title='bbox 645 553 744 592; x_wconf 89' lang='lat' dir='ltr'><strong>inter</strong></span> <span class='ocrx_word' id='word_1_56' title='bbox 775 551 1033 591; x_wconf 83' lang='lat' dir='ltr'><strong>Anatomicos</strong></span> <span class='ocrx_word' id='word_1_57' title='bbox 1061 548 1225 590; x_wconf 85' lang='lat' dir='ltr'><strong>celebres</strong></span> <span class='ocrx_word' id='word_1_58' title='bbox 1255 549 1302 588; x_wconf 87' lang='lat' dir='ltr'><strong>de</strong></span> <span class='ocrx_word' id='word_1_59' title='bbox 1335 548 1454 602; x_wconf 84' lang='lat' dir='ltr'><strong>figura</strong></span> <span class='ocrx_word' id='word_1_60' title='bbox 1483 556 1523 588; x_wconf 90' lang='lat' dir='ltr'><strong>et</strong></span> <span class='ocrx_word' id='word_1_61' title='bbox 1556 548 1624 589; x_wconf 78' lang='lat' dir='ltr'><strong>situ</strong></span> <span class='ocrx_word' id='word_1_62' title='bbox 1650 550 1752 590; x_wconf 75' lang='lat' dir='ltr'><strong>iridis</strong></span> <span class='ocrx_word' id='word_1_63' title='bbox 1781 550 1838 589; x_wconf 75' lang='lat' dir='ltr'><strong>di-</strong></span> 
     </span>
     <span class='ocr_line' id='line_1_10' title="bbox 526 612 1837 671; baseline -0.003 -14"><span class='ocrx_word' id='word_1_64' title='bbox 526 618 719 671; x_wconf 86' lang='lat' dir='ltr'><strong>sputatum</strong></span> <span class='ocrx_word' id='word_1_65' title='bbox 756 614 822 656; x_wconf 89' lang='lat' dir='ltr'><strong>est.</strong></span> <span class='ocrx_word' id='word_1_66' title='bbox 888 614 972 654; x_wconf 89' lang='lat' dir='ltr'><strong>Alii</strong></span> <span class='ocrx_word' id='word_1_67' title='bbox 1003 612 1108 653; x_wconf 85' lang='lat' dir='ltr'><strong>illam</strong></span> <span class='ocrx_word' id='word_1_68' title='bbox 1141 614 1296 667; x_wconf 78' lang='lat' dir='ltr'>planam</span> <span class='ocrx_word' id='word_1_69' title='bbox 1329 613 1390 652; x_wconf 84' lang='lat' dir='ltr'><strong>alii</strong></span> <span class='ocrx_word' id='word_1_70' title='bbox 1421 624 1603 653; x_wconf 86' lang='lat' dir='ltr'><strong>connexo</strong></span> <span class='ocrx_word' id='word_1_71' title='bbox 1634 625 1837 654; x_wconf 80' lang='lat' dir='ltr'><strong>concauam</strong></span> 
     </span>
     <span class='ocr_line' id='line_1_11' title="bbox 527 676 1831 734; baseline -0.003 -15"><span class='ocrx_word' id='word_1_72' title='bbox 527 680 762 734; x_wconf 76' lang='lat' dir='ltr'><strong>posuerunt3</strong></span> <span class='ocrx_word' id='word_1_73' title='bbox 796 678 876 718; x_wconf 85' lang='lat' dir='ltr'><strong>aliis</strong></span> <span class='ocrx_word' id='word_1_74' title='bbox 906 688 1057 718; x_wconf 85' lang='lat' dir='ltr'><strong>camera</strong></span> <span class='ocrx_word' id='word_1_75' title='bbox 1082 676 1254 716; x_wconf 89' lang='lat' dir='ltr'><strong>humoris</strong></span> <span class='ocrx_word' id='word_1_76' title='bbox 1279 677 1386 729; x_wconf 80' lang='lat' dir='ltr'><strong>aquei</strong></span> <span class='ocrx_word' id='word_1_77' title='bbox 1417 676 1604 729; x_wconf 87' lang='lat' dir='ltr'><strong>posterior</strong></span> <span class='ocrx_word' id='word_1_78' title='bbox 1637 678 1760 716; x_wconf 80' lang='lat' dir='ltr'><strong>maior</strong></span> <span class='ocrx_word' id='word_1_79' title='bbox 1778 676 1831 715; x_wconf 83' lang='lat' dir='ltr'><strong>vi·</strong></span> 
     </span>
     <span class='ocr_line' id='line_1_12' title="bbox 526 739 1835 795; baseline -0.003 -12"><span class='ocrx_word' id='word_1_80' title='bbox 526 741 563 784; x_wconf 89' lang='lat' dir='ltr'><strong>sa</strong></span> <span class='ocrx_word' id='word_1_81' title='bbox 591 740 687 794; x_wconf 88' lang='lat' dir='ltr'><strong>fuit,</strong></span> <span class='ocrx_word' id='word_1_82' title='bbox 721 741 799 781; x_wconf 81' lang='lat' dir='ltr'><strong>aliis</strong></span> <span class='ocrx_word' id='word_1_83' title='bbox 831 742 974 782; x_wconf 88' lang='lat' dir='ltr'><strong>minor.</strong></span> <span class='ocrx_word' id='word_1_84' title='bbox 1040 739 1151 795; x_wconf 93' lang='lat' dir='ltr'><strong>Quae</strong></span> <span class='ocrx_word' id='word_1_85' title='bbox 1184 739 1340 779; x_wconf 79' lang='lat' dir='ltr'><strong>varietas</strong></span> <span class='ocrx_word' id='word_1_86' title='bbox 1357 739 1487 779; x_wconf 85' lang='lat' dir='ltr'><strong>omnis</strong></span> <span class='ocrx_word' id='word_1_87' title='bbox 1505 740 1835 791; x_wconf 81' lang='lat' dir='ltr'><strong>quemadmodum</strong></span> 
     </span>
     <span class='ocr_line' id='line_1_13' title="bbox 529 802 1836 856; baseline -0.002 -11"><span class='ocrx_word' id='word_1_88' title='bbox 529 806 596 846; x_wconf 73' lang='lat' dir='ltr'><strong>vel</strong></span> <span class='ocrx_word' id='word_1_89' title='bbox 629 817 651 845; x_wconf 84' lang='lat' dir='ltr'><strong>a</strong></span> <span class='ocrx_word' id='word_1_90' title='bbox 683 803 951 846; x_wconf 86' lang='lat' dir='ltr'><strong>constitutione</strong></span> <span class='ocrx_word' id='word_1_91' title='bbox 981 811 1021 842; x_wconf 92' lang='lat' dir='ltr'><strong>et</strong></span> <span class='ocrx_word' id='word_1_92' title='bbox 1052 802 1171 856; x_wconf 87' lang='lat' dir='ltr'><strong>figura</strong></span> <span class='ocrx_word' id='word_1_93' title='bbox 1204 803 1340 854; x_wconf 81' lang='lat' dir='ltr'><strong>oculi,</strong></span> <span class='ocrx_word' id='word_1_94' title='bbox 1370 803 1436 842; x_wconf 76' lang='lat' dir='ltr'><strong>vel</strong></span> <span class='ocrx_word' id='word_1_95' title='bbox 1466 813 1487 840; x_wconf 79' lang='lat' dir='ltr'><strong>a</strong></span> <span class='ocrx_word' id='word_1_96' title='bbox 1520 803 1720 843; x_wconf 71' lang='lat' dir='ltr'><strong>lecantium</strong></span> <span class='ocrx_word' id='word_1_97' title='bbox 1740 804 1836 843; x_wconf 85' lang='lat' dir='ltr'><strong>dex-</strong></span> 
     </span>
     <span class='ocr_line' id='line_1_14' title="bbox 531 863 1838 919; baseline -0.003 -10"><span class='ocrx_word' id='word_1_98' title='bbox 531 868 682 910; x_wconf 81' lang='lat' dir='ltr'><strong>teritate</strong></span> <span class='ocrx_word' id='word_1_99' title='bbox 701 898 713 918; x_wconf 90' lang='lat'>,</span> <span class='ocrx_word' id='word_1_100' title='bbox 746 867 810 907; x_wconf 78' lang='lat' dir='ltr'><strong>vel</strong></span> <span class='ocrx_word' id='word_1_101' title='bbox 840 880 862 908; x_wconf 85' lang='lat' dir='ltr'><strong>a</strong></span> <span class='ocrx_word' id='word_1_102' title='bbox 895 866 1088 908; x_wconf 88' lang='lat' dir='ltr'><strong>methodo</strong></span> <span class='ocrx_word' id='word_1_103' title='bbox 1107 898 1118 917; x_wconf 90' lang='lat'>,</span> <span class='ocrx_word' id='word_1_104' title='bbox 1151 877 1223 919; x_wconf 84' lang='lat' dir='ltr'><strong>qua</strong></span> <span class='ocrx_word' id='word_1_105' title='bbox 1255 878 1338 906; x_wconf 91' lang='lat' dir='ltr'><strong>rem</strong></span> <span class='ocrx_word' id='word_1_106' title='bbox 1374 863 1526 918; x_wconf 72' lang='lat' dir='ltr'><strong>aggressi</strong></span> <span class='ocrx_word' id='word_1_107' title='bbox 1558 865 1659 916; x_wconf 90' lang='lat' dir='ltr'><strong>sunt,</strong></span> <span class='ocrx_word' id='word_1_108' title='bbox 1694 866 1838 919; x_wconf 84' lang='lat' dir='ltr'><strong>depen-</strong></span> 
     </span>
     <span class='ocr_line' id='line_1_15' title="bbox 531 928 1834 983; baseline -0.003 -11"><span class='ocrx_word' id='word_1_109' title='bbox 531 931 675 972; x_wconf 85' lang='lat' dir='ltr'><strong>debat:</strong></span> <span class='ocrx_word' id='word_1_110' title='bbox 708 931 760 970; x_wconf 79' lang='lat' dir='ltr'><strong>ita</strong></span> <span class='ocrx_word' id='word_1_111' title='bbox 791 931 932 971; x_wconf 88' lang='lat' dir='ltr'><strong>exinde</strong></span> <span class='ocrx_word' id='word_1_112' title='bbox 966 929 1230 983; x_wconf 80' lang='lat' dir='ltr'><strong>consequitur,</strong></span> <span class='ocrx_word' id='word_1_113' title='bbox 1264 928 1553 969; x_wconf 68' lang='lat' dir='ltr'><strong>fluctuationem</strong></span> <span class='ocrx_word' id='word_1_114' title='bbox 1585 939 1624 968; x_wconf 88' lang='lat' dir='ltr'><strong>et</strong></span> <span class='ocrx_word' id='word_1_115' title='bbox 1657 929 1834 969; x_wconf 89' lang='lat' dir='ltr'><strong>mutatio-</strong></span> 
     </span>
     <span class='ocr_line' id='line_1_16' title="bbox 530 989 1836 1047; baseline -0.003 -11"><span class='ocrx_word' id='word_1_116' title='bbox 530 1006 623 1036; x_wconf 90' lang='lat' dir='ltr'><strong>nem</strong></span> <span class='ocrx_word' id='word_1_117' title='bbox 667 993 754 1035; x_wconf 88' lang='lat' dir='ltr'><strong>fitus</strong></span> <span class='ocrx_word' id='word_1_118' title='bbox 796 995 898 1035; x_wconf 89' lang='lat' dir='ltr'><strong>iridis</strong></span> <span class='ocrx_word' id='word_1_119' title='bbox 941 993 1161 1047; x_wconf 80' lang='lat' dir='ltr'><strong>neutiquam</strong></span> <span class='ocrx_word' id='word_1_120' title='bbox 1203 991 1463 1046; x_wconf 83' lang='lat' dir='ltr'><strong>imaginariam</strong></span> <span class='ocrx_word' id='word_1_121' title='bbox 1504 989 1610 1043; x_wconf 82' lang='lat' dir='ltr'><strong>effe,</strong></span> <span class='ocrx_word' id='word_1_122' title='bbox 1652 991 1712 1032; x_wconf 89' lang='lat' dir='ltr'><strong>sed</strong></span> <span class='ocrx_word' id='word_1_123' title='bbox 1751 992 1836 1033; x_wconf 75' lang='lat' dir='ltr'><strong>ac‘tu</strong></span> 
     </span>
     <span class='ocr_line' id='line_1_17' title="bbox 529 1055 846 1111; baseline -0.006 -13"><span class='ocrx_word' id='word_1_124' title='bbox 529 1056 693 1099; x_wconf 83' lang='lat' dir='ltr'><strong>existere</strong></span> <span class='ocrx_word' id='word_1_125' title='bbox 724 1055 846 1111; x_wconf 72' lang='lat' dir='ltr'><strong>posse.</strong></span> 
     </span>
    </p>

    <p class='ocr_par' dir='ltr' id='par_1_5' title="bbox 529 1116 1840 1299">
     <span class='ocr_line' id='line_1_18' title="bbox 644 1116 1838 1176; baseline -0.001 -18"><span class='ocrx_word' id='word_1_126' title='bbox 644 1120 679 1168; x_wconf 85' lang='lat'><strong>§.</strong></span> <span class='ocrx_word' id='word_1_127' title='bbox 719 1126 759 1162; x_wconf 87' lang='grc'><strong>8.</strong></span> <span class='ocrx_word' id='word_1_128' title='bbox 795 1120 911 1173; x_wconf 87' lang='lat' dir='ltr'><strong>Prop,</strong></span> <span class='ocrx_word' id='word_1_129' title='bbox 943 1117 1000 1159; x_wconf 87' lang='lat'><strong>11.</strong></span> <span class='ocrx_word' id='word_1_130' title='bbox 1034 1119 1202 1176; x_wconf 80' lang='lat' dir='ltr'><strong>Quando</strong></span> <span class='ocrx_word' id='word_1_131' title='bbox 1236 1119 1300 1159; x_wconf 86' lang='lat' dir='ltr'><strong>iris</strong></span> <span class='ocrx_word' id='word_1_132' title='bbox 1330 1118 1485 1159; x_wconf 71' lang='lat' dir='ltr'><strong>fluctuat</strong></span> <span class='ocrx_word' id='word_1_133' title='bbox 1504 1150 1514 1169; x_wconf 92' lang='lat'>‚</span> <span class='ocrx_word' id='word_1_134' title='bbox 1549 1118 1613 1158; x_wconf 86' lang='lat' dir='ltr'><strong>illa</strong></span> <span class='ocrx_word' id='word_1_135' title='bbox 1645 1131 1666 1158; x_wconf 82' lang='lat' dir='ltr'><strong>a</strong></span> <span class='ocrx_word' id='word_1_136' title='bbox 1693 1117 1759 1158; x_wconf 81' lang='lat' dir='ltr'><strong>situ</strong></span> <span class='ocrx_word' id='word_1_137' title='bbox 1776 1116 1838 1158; x_wconf 87' lang='lat' dir='ltr'><strong>suo</strong></span> 
     </span>
     <span class='ocr_line' id='line_1_19' title="bbox 529 1181 1840 1237; baseline -0.001 -14"><span class='ocrx_word' id='word_1_138' title='bbox 529 1183 832 1237; x_wconf 80' lang='lat' dir='ltr'><strong>perpendiculari</strong></span> <span class='ocrx_word' id='word_1_139' title='bbox 864 1192 902 1223; x_wconf 88' lang='lat' dir='ltr'><strong>et</strong></span> <span class='ocrx_word' id='word_1_140' title='bbox 932 1182 1049 1236; x_wconf 85' lang='lat' dir='ltr'><strong>plano</strong></span> <span class='ocrx_word' id='word_1_141' title='bbox 1079 1182 1246 1223; x_wconf 64' lang='lat' dir='ltr'><strong>deflectit</strong></span> <span class='ocrx_word' id='word_1_142' title='bbox 1264 1215 1274 1235; x_wconf 78' lang='lat'>,</span> <span class='ocrx_word' id='word_1_143' title='bbox 1309 1191 1348 1222; x_wconf 87' lang='lat' dir='ltr'><strong>et</strong></span> <span class='ocrx_word' id='word_1_144' title='bbox 1381 1182 1428 1222; x_wconf 85' lang='lat' dir='ltr'><strong>ab</strong></span> <span class='ocrx_word' id='word_1_145' title='bbox 1461 1181 1626 1222; x_wconf 87' lang='lat' dir='ltr'><strong>humore</strong></span> <span class='ocrx_word' id='word_1_146' title='bbox 1657 1181 1840 1233; x_wconf 76' lang='lat' dir='ltr'><strong>crystalli-</strong></span> 
     </span>
     <span class='ocr_line' id='line_1_20' title="bbox 529 1246 1521 1299; baseline -0.002 -12"><span class='ocrx_word' id='word_1_147' title='bbox 529 1257 582 1288; x_wconf 88' lang='lat' dir='ltr'><strong>no</strong></span> <span class='ocrx_word' id='word_1_148' title='bbox 612 1246 674 1288; x_wconf 77' lang='lat' dir='ltr'><strong>vel</strong></span> <span class='ocrx_word' id='word_1_149' title='bbox 717 1246 889 1299; x_wconf 88' lang='lat' dir='ltr'><strong>recedit,</strong></span> <span class='ocrx_word' id='word_1_150' title='bbox 922 1246 987 1285; x_wconf 79' lang='lat' dir='ltr'><strong>vel</strong></span> <span class='ocrx_word' id='word_1_151' title='bbox 1016 1247 1062 1286; x_wconf 86' lang='lat' dir='ltr'><strong>ad</strong></span> <span class='ocrx_word' id='word_1_152' title='bbox 1095 1258 1182 1286; x_wconf 90' lang='lat' dir='ltr'><strong>eum</strong></span> <span class='ocrx_word' id='word_1_153' title='bbox 1224 1246 1521 1299; x_wconf 77' lang='lat' dir='ltr'><strong>appropinquat.</strong></span> 
     </span>
    </p>

    <p class='ocr_par' dir='ltr' id='par_1_6' title="bbox 531 1308 1841 1477">
     <span class='ocr_line' id='line_1_21' title="bbox 646 1308 1836 1363; baseline 0 -15"><span class='ocrx_word' id='word_1_154' title='bbox 646 1309 681 1358; x_wconf 82' lang='lat'><strong>§.</strong></span> <span class='ocrx_word' id='word_1_155' title='bbox 718 1322 761 1358; x_wconf 87' lang='grc'><strong>9.</strong></span> <span class='ocrx_word' id='word_1_156' title='bbox 792 1309 909 1363; x_wconf 88' lang='lat' dir='ltr'><strong>Prop.</strong></span> <span class='ocrx_word' id='word_1_157' title='bbox 944 1308 1019 1349; x_wconf 90' lang='lat'>111.</span> <span class='ocrx_word' id='word_1_158' title='bbox 1054 1309 1198 1363; x_wconf 78' lang='lat' dir='ltr'><strong>Pupilla</strong></span> <span class='ocrx_word' id='word_1_159' title='bbox 1231 1310 1284 1349; x_wconf 87' lang='lat' dir='ltr'><strong>cst</strong></span> <span class='ocrx_word' id='word_1_160' title='bbox 1320 1310 1491 1348; x_wconf 81' lang='lat' dir='ltr'><strong>foramen</strong></span> <span class='ocrx_word' id='word_1_161' title='bbox 1524 1308 1703 1349; x_wconf 87' lang='lat' dir='ltr'><strong>circulare</strong></span> <span class='ocrx_word' id='word_1_162' title='bbox 1724 1309 1759 1347; x_wconf 90' lang='lat' dir='ltr'><strong>in</strong></span> <span class='ocrx_word' id='word_1_163' title='bbox 1780 1308 1836 1349; x_wconf 87' lang='lat' dir='ltr'><strong>iri-</strong></span> 
     </span>
     <span class='ocr_line' id='line_1_22' title="bbox 531 1372 1841 1426; baseline -0.002 -12"><span class='ocrx_word' id='word_1_164' title='bbox 531 1372 580 1414; x_wconf 89' lang='lat' dir='ltr'><strong>de</strong></span> <span class='ocrx_word' id='word_1_165' title='bbox 601 1406 613 1425; x_wconf 82' lang='lat'>,</span> <span class='ocrx_word' id='word_1_166' title='bbox 645 1383 690 1413; x_wconf 74' lang='lat' dir='ltr'><strong>vt</strong></span> <span class='ocrx_word' id='word_1_167' title='bbox 723 1373 863 1413; x_wconf 89' lang='lat' dir='ltr'><strong>limites</strong></span> <span class='ocrx_word' id='word_1_168' title='bbox 896 1382 1087 1426; x_wconf 87' lang='lat' dir='ltr'><strong>ponantur</strong></span> <span class='ocrx_word' id='word_1_169' title='bbox 1117 1373 1226 1413; x_wconf 86' lang='lat' dir='ltr'><strong>radiis</strong></span> <span class='ocrx_word' id='word_1_170' title='bbox 1265 1372 1354 1412; x_wconf 86' lang='lat' dir='ltr'><strong>lucis</strong></span> <span class='ocrx_word' id='word_1_171' title='bbox 1393 1373 1432 1411; x_wconf 88' lang='lat' dir='ltr'><strong>in</strong></span> <span class='ocrx_word' id='word_1_172' title='bbox 1474 1372 1619 1412; x_wconf 86' lang='lat' dir='ltr'><strong>lentem</strong></span> <span class='ocrx_word' id='word_1_173' title='bbox 1662 1373 1841 1423; x_wconf 75' lang='lat' dir='ltr'><strong>crystalli-</strong></span> 
     </span>
     <span class='ocr_line' id='line_1_23' title="bbox 532 1435 924 1477; baseline -0.005 0"><span class='ocrx_word' id='word_1_174' title='bbox 532 1448 623 1477; x_wconf 89' lang='lat' dir='ltr'><strong>nam</strong></span> <span class='ocrx_word' id='word_1_175' title='bbox 664 1435 924 1476; x_wconf 85' lang='lat' dir='ltr'><strong>incidentibus.</strong></span> 
     </span>
    </p>

    <p class='ocr_par' dir='ltr' id='par_1_7' title="bbox 536 1498 1842 1615">
     <span class='ocr_line' id='line_1_24' title="bbox 653 1498 1842 1553; baseline 0 -16"><span class='ocrx_word' id='word_1_176' title='bbox 653 1498 687 1546; x_wconf 81' lang='lat'><strong>§.</strong></span> <span class='ocrx_word' id='word_1_177' title='bbox 728 1510 793 1538; x_wconf 80' lang='grc' dir='ltr'><strong>ιο.</strong></span> <span class='ocrx_word' id='word_1_178' title='bbox 829 1499 943 1552; x_wconf 84' lang='lat' dir='ltr'><strong>Prop.</strong></span> <span class='ocrx_word' id='word_1_179' title='bbox 977 1499 1047 1540; x_wconf 91' lang='lat' dir='ltr'><strong>IV.</strong></span> <span class='ocrx_word' id='word_1_180' title='bbox 1086 1498 1228 1553; x_wconf 82' lang='lat' dir='ltr'><strong>Pupilla</strong></span> <span class='ocrx_word' id='word_1_181' title='bbox 1264 1499 1397 1538; x_wconf 87' lang='lat' dir='ltr'><strong>dilitari</strong></span> <span class='ocrx_word' id='word_1_182' title='bbox 1430 1499 1562 1538; x_wconf 90' lang='lat' dir='ltr'><strong>dicitur</strong></span> <span class='ocrx_word' id='word_1_183' title='bbox 1580 1508 1643 1538; x_wconf 87' lang='lat' dir='ltr'><strong>aut</strong></span> <span class='ocrx_word' id='word_1_184' title='bbox 1661 1499 1842 1538; x_wconf 85' lang='lat' dir='ltr'><strong>constrin-</strong></span> 
     </span>
     <span class='ocr_line' id='line_1_25' title="bbox 536 1561 1840 1615; baseline -0.001 -14"><span class='ocrx_word' id='word_1_185' title='bbox 536 1561 603 1615; x_wconf 84' lang='lat' dir='ltr'><strong>gi,</strong></span> <span class='ocrx_word' id='word_1_186' title='bbox 639 1562 790 1614; x_wconf 86' lang='lat' dir='ltr'><strong>quando</strong></span> <span class='ocrx_word' id='word_1_187' title='bbox 823 1562 1005 1603; x_wconf 79' lang='lat' dir='ltr'><strong>diameter</strong></span> <span class='ocrx_word' id='word_1_188' title='bbox 1037 1563 1234 1602; x_wconf 79' lang='lat' dir='ltr'><strong>foraminis</strong></span> <span class='ocrx_word' id='word_1_189' title='bbox 1265 1564 1389 1602; x_wconf 87' lang='lat' dir='ltr'><strong>maior</strong></span> <span class='ocrx_word' id='word_1_190' title='bbox 1421 1572 1482 1601; x_wconf 90' lang='lat' dir='ltr'><strong>aut</strong></span> <span class='ocrx_word' id='word_1_191' title='bbox 1515 1562 1644 1602; x_wconf 86' lang='lat' dir='ltr'><strong>minor</strong></span> <span class='ocrx_word' id='word_1_192' title='bbox 1671 1571 1840 1614; x_wconf 84' lang='lat' dir='ltr'><strong>apparet.</strong></span> 
     </span>
    </p>

    <p class='ocr_par' dir='ltr' id='par_1_8' title="bbox 538 1624 1840 1804">
     <span class='ocr_line' id='line_1_26' title="bbox 652 1624 1839 1681; baseline 0.002 -19"><span class='ocrx_word' id='word_1_193' title='bbox 652 1625 686 1672; x_wconf 86' lang='lat'><strong>§.</strong></span> <span class='ocrx_word' id='word_1_194' title='bbox 725 1637 792 1663; x_wconf 89' lang='lat'><strong>11.</strong></span> <span class='ocrx_word' id='word_1_195' title='bbox 829 1625 942 1679; x_wconf 88' lang='lat' dir='ltr'><strong>Prop.</strong></span> <span class='ocrx_word' id='word_1_196' title='bbox 979 1625 1029 1666; x_wconf 94' lang='lat' dir='ltr'><strong>V.</strong></span> <span class='ocrx_word' id='word_1_197' title='bbox 1067 1627 1233 1681; x_wconf 85' lang='lat' dir='ltr'><strong>Quando</strong></span> <span class='ocrx_word' id='word_1_198' title='bbox 1265 1627 1330 1664; x_wconf 82' lang='lat' dir='ltr'><strong>iris</strong></span> <span class='ocrx_word' id='word_1_199' title='bbox 1363 1627 1461 1664; x_wconf 83' lang='lat' dir='ltr'><strong>iutra</strong></span> <span class='ocrx_word' id='word_1_200' title='bbox 1496 1624 1697 1664; x_wconf 71' lang='lat' dir='ltr'><strong>humorem</strong></span> <span class='ocrx_word' id='word_1_201' title='bbox 1733 1638 1839 1677; x_wconf 83' lang='lat' dir='ltr'><strong>aque-</strong></span> 
     </span>
     <span class='ocr_line' id='line_1_27' title="bbox 538 1687 1840 1740; baseline 0 -13"><span class='ocrx_word' id='word_1_202' title='bbox 538 1699 606 1727; x_wconf 83' lang='lat' dir='ltr'><strong>vm</strong></span> <span class='ocrx_word' id='word_1_203' title='bbox 650 1687 831 1728; x_wconf 57' lang='lat' dir='ltr'><strong>fluctuans</strong></span> <span class='ocrx_word' id='word_1_204' title='bbox 869 1689 913 1728; x_wconf 90' lang='lat' dir='ltr'><strong>ad</strong></span> <span class='ocrx_word' id='word_1_205' title='bbox 954 1690 1218 1728; x_wconf 76' lang='lat' dir='ltr'><strong>membranam</strong></span> <span class='ocrx_word' id='word_1_206' title='bbox 1257 1700 1438 1727; x_wconf 83' lang='lat' dir='ltr'><strong>corneam</strong></span> <span class='ocrx_word' id='word_1_207' title='bbox 1481 1689 1636 1740; x_wconf 80' lang='lat' dir='ltr'><strong>propius</strong></span> <span class='ocrx_word' id='word_1_208' title='bbox 1668 1689 1840 1727; x_wconf 82' lang='lat' dir='ltr'><strong>accedit:</strong></span> 
     </span>
     <span class='ocr_line' id='line_1_28' title="bbox 541 1748 1171 1804; baseline 0 -15"><span class='ocrx_word' id='word_1_209' title='bbox 541 1750 682 1804; x_wconf 85' lang='lat' dir='ltr'><strong>pupilla</strong></span> <span class='ocrx_word' id='word_1_210' title='bbox 717 1748 924 1790; x_wconf 68' lang='lat' dir='ltr'><strong>necessario</strong></span> <span class='ocrx_word' id='word_1_211' title='bbox 958 1752 1171 1803; x_wconf 88' lang='lat' dir='ltr'><strong>ampliatur.</strong></span> 
     </span>
    </p>

    <p class='ocr_par' dir='ltr' id='par_1_9' title="bbox 543 1812 1846 2121">
     <span class='ocr_line' id='line_1_29' title="bbox 657 1812 1844 1866; baseline -0.002 -12"><span class='ocrx_word' id='word_1_212' title='bbox 657 1813 955 1866; x_wconf 75' lang='lat' dir='ltr'><strong>Repraesentcnt</strong></span> <span class='ocrx_word' id='word_1_213' title='bbox 990 1814 1093 1853; x_wconf 87' lang='lat' dir='ltr'><strong>euim</strong></span> <span class='ocrx_word' id='word_1_214' title='bbox 1131 1814 1249 1853; x_wconf 88' lang='lat' dir='ltr'><strong>liucac</strong></span> <span class='ocrx_word' id='word_1_215' title='bbox 1283 1826 1366 1863; x_wconf 79' lang='lat' dir='ltr'><strong>ac,</strong></span> <span class='ocrx_word' id='word_1_216' title='bbox 1409 1827 1455 1853; x_wconf 78' lang='lat' dir='ltr'><strong>cc</strong></span> <span class='ocrx_word' id='word_1_217' title='bbox 1496 1822 1533 1851; x_wconf 88' lang='lat' dir='ltr'><strong>ct</strong></span> <span class='ocrx_word' id='word_1_218' title='bbox 1576 1813 1626 1853; x_wconf 83' lang='lat' dir='ltr'><strong>cb</strong></span> <span class='ocrx_word' id='word_1_219' title='bbox 1669 1812 1748 1866; x_wconf 76' lang='lat' dir='ltr'>(fig.</span> <span class='ocrx_word' id='word_1_220' title='bbox 1783 1814 1844 1864; x_wconf 79' lang='lat'><strong>4.)</strong></span> 
     </span>
     <span class='ocr_line' id='line_1_30' title="bbox 543 1875 1843 1931; baseline 0 -15"><span class='ocrx_word' id='word_1_221' title='bbox 543 1875 750 1916; x_wconf 56' lang='lat' dir='ltr'><strong>sectionem</strong></span> <span class='ocrx_word' id='word_1_222' title='bbox 792 1877 893 1916; x_wconf 87' lang='lat' dir='ltr'><strong>iridis</strong></span> <span class='ocrx_word' id='word_1_223' title='bbox 933 1886 970 1916; x_wconf 86' lang='lat' dir='ltr'><strong>ct</strong></span> <span class='ocrx_word' id='word_1_224' title='bbox 1012 1877 1177 1930; x_wconf 78' lang='lat' dir='ltr'><strong>pupillae</strong></span> <span class='ocrx_word' id='word_1_225' title='bbox 1217 1878 1383 1916; x_wconf 79' lang='lat' dir='ltr'><strong>mediam</strong></span> <span class='ocrx_word' id='word_1_226' title='bbox 1428 1890 1510 1926; x_wconf 77' lang='lat' dir='ltr'><strong>ac,</strong></span> <span class='ocrx_word' id='word_1_227' title='bbox 1549 1875 1600 1916; x_wconf 66' lang='lat' dir='ltr'><strong>ln·</strong></span> <span class='ocrx_word' id='word_1_228' title='bbox 1632 1876 1700 1928; x_wconf 77' lang='lat' dir='ltr'><strong>(fig</strong></span> <span class='ocrx_word' id='word_1_229' title='bbox 1753 1876 1843 1931; x_wconf 83' lang='lat'><strong>5)·‚</strong></span> 
     </span>
     <span class='ocr_line' id='line_1_31' title="bbox 545 1939 1846 1992; baseline 0.003 -13"><span class='ocrx_word' id='word_1_230' title='bbox 545 1939 613 1979; x_wconf 88' lang='lat' dir='ltr'><strong>smt</strong></span> <span class='ocrx_word' id='word_1_231' title='bbox 655 1939 795 1992; x_wconf 66' lang='lat' dir='ltr'><strong>puncta</strong></span> <span class='ocrx_word' id='word_1_232' title='bbox 844 1954 869 1980; x_wconf 87' lang='grc' dir='ltr'><em>α</em></span> <span class='ocrx_word' id='word_1_233' title='bbox 909 1951 944 1979; x_wconf 88' lang='lat' dir='ltr'><strong>ct</strong></span> <span class='ocrx_word' id='word_1_234' title='bbox 984 1940 1006 1979; x_wconf 85' lang='lat' dir='ltr'><em>b</em></span> <span class='ocrx_word' id='word_1_235' title='bbox 1049 1939 1155 1989; x_wconf 80' lang='lat' dir='ltr'><strong>fixa,</strong></span> <span class='ocrx_word' id='word_1_236' title='bbox 1197 1939 1326 1992; x_wconf 70' lang='lat' dir='ltr'><strong>quibus</strong></span> <span class='ocrx_word' id='word_1_237' title='bbox 1371 1939 1584 1992; x_wconf 63' lang='lat' dir='ltr'><strong>pciipluria</strong></span> <span class='ocrx_word' id='word_1_238' title='bbox 1629 1941 1727 1979; x_wconf 71' lang='lat' dir='ltr'><strong>iridis</strong></span> <span class='ocrx_word' id='word_1_239' title='bbox 1761 1943 1846 1983; x_wconf 80' lang='lat' dir='ltr'><strong>acb</strong></span> 
     </span>
     <span class='ocr_line' id='line_1_32' title="bbox 547 2000 1845 2056; baseline 0.002 -14"><span class='ocrx_word' id='word_1_240' title='bbox 547 2000 629 2055; x_wconf 83' lang='lat' dir='ltr'>(fig.</span> <span class='ocrx_word' id='word_1_241' title='bbox 672 2000 730 2056; x_wconf 81' lang='lat'><strong>5.)</strong></span> <span class='ocrx_word' id='word_1_242' title='bbox 762 2015 849 2042; x_wconf 90' lang='lat' dir='ltr'><strong>cum</strong></span> <span class='ocrx_word' id='word_1_243' title='bbox 882 2003 1071 2042; x_wconf 85' lang='lat' dir='ltr'><strong>sclcrotica</strong></span> <span class='ocrx_word' id='word_1_244' title='bbox 1105 2003 1318 2053; x_wconf 71' lang='lat' dir='ltr'><strong>colmerct3</strong></span> <span class='ocrx_word' id='word_1_245' title='bbox 1357 2014 1580 2043; x_wconf 81' lang='lat' dir='ltr'><strong>moueantur</strong></span> <span class='ocrx_word' id='word_1_246' title='bbox 1611 2003 1730 2042; x_wconf 82' lang='lat' dir='ltr'><strong>lineae</strong></span> <span class='ocrx_word' id='word_1_247' title='bbox 1763 2019 1845 2054; x_wconf 78' lang='lat' dir='ltr'><strong>ac,</strong></span> 
     </span>
     <span class='ocr_line' id='line_1_33' title="bbox 545 2064 1845 2121; baseline 0 -13"><span class='ocrx_word' id='word_1_248' title='bbox 545 2076 585 2108; x_wconf 85' lang='lat' dir='ltr'><strong>ct</strong></span> <span class='ocrx_word' id='word_1_249' title='bbox 616 2066 669 2109; x_wconf 81' lang='lat' dir='ltr'><strong>ch</strong></span> <span class='ocrx_word' id='word_1_250' title='bbox 699 2064 779 2121; x_wconf 83' lang='lat' dir='ltr'>(fig.</span> <span class='ocrx_word' id='word_1_251' title='bbox 818 2073 879 2120; x_wconf 80' lang='lat'><strong>4.)</strong></span> <span class='ocrx_word' id='word_1_252' title='bbox 914 2076 1093 2120; x_wconf 79' lang='lat' dir='ltr'><strong>tanquam</strong></span> <span class='ocrx_word' id='word_1_253' title='bbox 1126 2066 1219 2105; x_wconf 84' lang='lat' dir='ltr'><strong>radii</strong></span> <span class='ocrx_word' id='word_1_254' title='bbox 1251 2067 1460 2106; x_wconf 78' lang='lat' dir='ltr'><strong>constantes</strong></span> <span class='ocrx_word' id='word_1_255' title='bbox 1491 2067 1587 2106; x_wconf 84' lang='lat' dir='ltr'><strong>circa</strong></span> <span class='ocrx_word' id='word_1_256' title='bbox 1619 2078 1745 2107; x_wconf 86' lang='lat' dir='ltr'><strong>centra</strong></span> <span class='ocrx_word' id='word_1_257' title='bbox 1789 2068 1845 2108; x_wconf 80' lang='lat' dir='ltr'><strong>lua</strong></span> 
     </span>
    </p>

    <p class='ocr_par' dir='ltr' id='par_1_10' title="bbox 1767 2143 1846 2171">
     <span class='ocr_line' id='line_1_34' title="bbox 1767 2143 1846 2171; baseline -0.013 0"><span class='ocrx_word' id='word_1_258' title='bbox 1767 2143 1846 2171; x_wconf 83' lang='lat' dir='ltr'><strong>act</strong></span> 
     </span>
    </p>
   </div>
  </div>
 </body>
</html>
