2044 2735
531 127 620 176 884
714 122 794 165 DE
829 118 1162 164 DENSITATE
1203 115 1556 167 MIXTORVM
1599 119 1689 163 EX

645 240 679 287 ξ.
706 253 746 289 4.
782 237 939 292 Saepius
981 240 1159 279 omnium
1196 238 1449 278 metallorum
1495 235 1578 277 solo
1617 238 1705 290 igne
1744 237 1832 279 fiiso-

527 312 618 343 'nim
655 316 701 356 pa
723 317 739 342 s
773 313 834 341 :iut
883 302 948 342 snb
979 302 1070 342 fumi
1105 312 1170 342 aut
1210 302 1351 342 florum
1386 301 1510 354 specie
1541 300 1837 354 diffipatur,2iut

525 367 567 405 *in
603 365 737 406 storiis
780 367 1012 406 conuertitur
1033 395 1043 415 ,
1090 377 1180 405 auro
1219 374 1259 405 et
1291 375 1449 418 argento
1484 365 1668 418 exceptis.
1733 366 1835 406 Hinc

530 429 637 469 huius
680 429 862 482 dispendii
906 431 942 469 in
977 428 1156 469 densitate
1195 441 1247 469 ex
1278 428 1425 471 calculo
1459 429 1703 481 quaerenda,
1735 431 1835 469 nitio

527 493 582 533 est
616 493 819 545 habenda3
858 494 959 546 quod
992 492 1169 546 equidem
1204 492 1286 532 fatis
1320 502 1490 532 accurat-e
1520 491 1607 531 fieri
1643 493 1768 546 potest
1796 494 1833 532 in>

524 558 568 595 iis
601 558 764 606 mixtis,
798 569 958 609 quorum
995 556 1159 596 alterum
1193 556 1403 609 ingrediens
1432 555 1487 595 est
1518 568 1652 595 aurum
1685 556 1762 596 fiue
1780 569 1834 596 at-

520 632 717 672 gentum:
755 632 841 659 mm
876 629 965 660 tunc
999 619 1099 673 quod
1133 621 1233 672 perit
1264 621 1345 659 iure
1378 632 1398 659 a
1431 619 1680 659 semimetallo
1714 620 1834 659 altero

524 683 751 735 ingredienti
788 683 1022 723 stibtraliitar.
1089 681 1133 722 In
1166 683 1317 736 reliquis
1358 692 1485 722 autem
1517 683 1654 722 mixtis
1686 683 1753 723 vbi
1788 694 1832 722 v-

524 754 658 800 ·t'raque
693 747 937 800 ingredientia
969 747 1057 799 igne
1088 745 1226 798 aliquid
1267 747 1476 797 amittunt,
1515 758 1595 785 non
1627 757 1734 786 certo
1767 747 1833 786 de-

525 809 627 850 finiri
669 810 794 864 potest
838 820 1021 863 quantum
1062 810 1174 851 vuius
1214 810 1390 862 cuiusque
1419 810 1531 849 fuerit
1561 808 1830 862 dispendium3

517 869 623 914 ³hanc
665 874 717 914 ob
757 875 902 914 cziufiim
945 885 1014 913 nec
1050 873 1213 913 densitas
1256 882 1447 926 'computo
1496 883 1667 912 accurate
1710 874 1833 926 potest

514 938 617 976 erui.
685 938 773 978 Hoc
809 947 936 978 :uitem
966 936 1080 976 uobis
1119 937 1372 990 relinquitur,
1412 936 1513 988 quod
1546 946 1590 976 vt
1625 936 1833 989 plurimum

519 1000 687 1040 'stabilire
720 999 916 1054 possumus
945 1000 1101 1053 aliquod
1131 1000 1301 1040 mixtum
1341 1001 1455 1039 rarius
1487 999 1561 1039 siue
1588 999 1735 1039 densius
1762 1012 1832 1039 ne-

524 1063 650 1115 ‘gledhi
688 1066 892 1117 quantitate
922 1061 1004 1103 effe
1034 1063 1176 1103 suetum
1215 1076 1329 1116 quam
1364 1062 1526 1102 calculus
1555 1062 1761 1116 exposcitz,
1796 1065 1834 1103 in

525 1139 641 1179 quem
694 1128 816 1167 finem
868 1127 996 1167 inueni
1047 1137 1089 1166 et
1136 1126 1291 1166 adhibui
1340 1127 1532 1179 duplicem
1585 1125 1829 1168 methodum.

525 1189 651 1230 Prima
693 1204 788 1245 quae
826 1203 916 1230 raro
948 1190 1013 1230 vsu
1048 1191 1156 1230 venit
1188 1190 1285 1230 haec
1328 1189 1412 1230 est:
1456 1189 1484 1230 fi
1512 1189 1634 1229 mixti
1676 1189 1832 1231 densitas

517 1253 818 1307 deprehenditur
846 1255 1007 1307 maior,
1041 1267 1154 1307 quam
1180 1254 1344 1294 densitas
1374 1253 1614 1306 ingredientis
1631 1253 1832 1307 densioris,

520 1318 698 1358 mixtum
742 1317 888 1358 densius
930 1317 988 1358 est
1016 1317 1192 1371 facttum
1230 1317 1261 1358 si
1295 1329 1390 1357 vero
1418 1317 1534 1358 mixti
1563 1316 1723 1357 densitas
1755 1318 1833 1358 mi-

519 1392 592 1421 nor
642 1382 695 1422 est
733 1395 848 1435 quam
900 1381 1143 1433 ingredientis
1191 1381 1369 1433 rarioris,
1414 1381 1587 1421 mixtum
1625 1381 1740 1420 rarius
1779 1381 1832 1422 est

518 1455 634 1495 quam
670 1446 836 1485 calculus
866 1445 1035 1498 requirit.
1099 1442 1298 1496 Secunda,
1340 1456 1434 1497 quae
1477 1444 1733 1496 vtplurimum
1769 1444 1830 1485 lo-

519 1518 610 1546 cum
644 1507 760 1549 habet
795 1509 853 1564 his
884 1508 1060 1548 consistit.
1128 1506 1186 1547 Sit
1220 1509 1372 1548 rarioris
1404 1508 1646 1560 ingredientis
1676 1508 1832 1549 densitas

510 1565 540 1638 ᾖ
573 1580 751 1621 densioris
781 1569 818 1642 ξε
843 1581 1078 1633 dispendium
1107 1581 1226 1620 mixti
1260 1591 1300 1620 a.
1361 1578 1423 1619 Sit
1456 1578 1690 1632 dispendium
1718 1581 1829 1622 aad-

514 1641 754 1683 scribendum
790 1645 1013 1697 ingredienti
1049 1644 1180 1683 rariori
1216 1644 1287 1682 crit
1319 1644 1397 1682 eius
1431 1643 1580 1694 pondus
1611 1641 1826 1683 absolutum

516 1704 649 1745 P—a
687 1716 726 1747 et
760 1708 905 1759 pondus
946 1707 983 1745 in
1027 1719 1118 1759 aqua
1160 1705 1336 1745 amiffiim
1373 1713 1464 1759 p—
1469 1718 1502 1757 y
1545 1704 1633 1743 hinc
1668 1705 1828 1746 densitas

672 1774 857 1801 P-4-Q—a

518 1786 636 1825 mixti
668 1806 827 1847 541-
789 1817 870 1847 -.y
937 1784 994 1826 Sit
1031 1786 1271 1838 dispendium
1313 1798 1339 1824 a
1381 1784 1658 1824 adscribendum
1704 1783 1826 1838 ingre-

516 1860 636 1900 dienti
675 1861 835 1900 densiori
876 1860 948 1900 erit
989 1858 1134 1911 pondus
1171 1858 1279 1898 huius
1318 1858 1366 1897 ab
1410 1857 1572 1897 solutum
1614 1857 1757 1912 Q-a
1791 1868 1829 1899 ct

518 1932 668 1984 pondus
705 1932 742 1970 in
773 1944 867 1986 :iqua
895 1928 1070 1970 amissum
1105 1941 1189 1982 q—
1207 1942 1255 1979 x,
1289 1927 1376 1968 hinc
1407 1938 1495 1968 tunc
1515 1928 1670 1969 densitas
1688 1916 1827 1991 ἓξὲξ.

518 2010 628 2051 Idem
672 2007 819 2061 pondus
855 2007 1030 2059 corporis
1073 2007 1187 2045 tirius
1224 2005 1306 2058 plus
1348 2005 1396 2045 sui
1439 2005 1620 2057 ponderis
1660 2005 1699 2044 in
1731 2018 1824 2059 aqua

518 2073 693 2124 amittit,
725 2083 838 2127 quam
862 2071 1037 2124 corporis
1075 2069 1251 2112 densioris
1268 2069 1355 2109 idco
1358 2071 1488 2123 y>x
1508 2078 1548 2108 et
1558 2070 1823 2126 p÷q--1·‚1>

1665 2140 1693 2187 Ρ
1712 2138 1777 2178 *⁴-
1799 2144 1828 2187 q
