2044 2735
414 97 498 142 DE
533 97 811 146 ORBITARI
820 98 875 142 'M
912 95 1303 143 APPARENTHS.
1432 112 1456 143 2
1467 104 1488 145 8
1498 110 1526 142 t

202 216 281 258 culi
314 218 497 259 referatur
527 220 571 261 ad
605 219 762 272 planum
795 218 942 259 orbitae
964 252 973 270 ,
1007 218 1073 258 vbi
1106 217 1242 272 prioris
1261 217 1379 260 nodus
1397 218 1523 262 ascen·

205 282 299 321 dens
350 282 597 336 conspicietur
647 283 752 322 iuxta
804 281 947 333 SRN,
990 282 1214 322 descendens
1255 283 1362 322 iuxta
1404 281 1520 340 SQn.
1578 332 1584 338 ι

207 343 410 385 Breuitatis
442 348 547 386 causa
567 378 577 397 ,
614 346 739 385 sumto
771 359 789 386 s
823 358 896 398 pro
929 355 1067 385 centro
1108 345 1285 398 sphaerae
1320 345 1485 389 fixarum
1508 377 1522 399 ‚

159 407 163 410 ’
206 409 356 449 subinde
392 410 532 462 punCta
571 410 642 465 Q,
677 410 747 461 R;
784 409 846 447 vel
875 421 927 459 n,
961 408 1002 449 N
1022 441 1032 458 ,
1071 409 1178 449 nodos
1212 408 1486 461 appellabimus
1507 441 1520 463 ‚

204 473 350 525 quippe
379 485 544 526 quorum
579 472 720 525 positio
750 472 980 512 directiones
1012 471 1201 511 rec'tarum
1234 470 1343 525 SQn
1362 506 1373 525 ‚
1407 472 1520 516 SRN

203 536 446 576 determinat.
515 535 657 577 Line-ae
698 535 890 575 nodorum
918 535 1058 588 positio
1083 534 1352 589 nodorumque
1390 538 1521 578 distin·

204 599 287 639 &tio
338 599 490 652 cognita
532 598 781 651 supponitur,
832 597 858 638 fi
887 597 1146 652 apparentiam
1185 599 1333 639 orbitae
1370 598 1526 642 inuesti-

204 675 292 716 gare
332 663 509 702 velimus.
574 661 768 701 Praeterea
810 673 908 701 vero
950 662 1147 714 requiritur
1167 693 1178 712 ,
1220 672 1265 702 vt
1296 670 1389 702 nota
1423 676 1518 717 quo-

203 739 275 780 que
317 725 362 767 sit
403 725 585 766 inclinatio
636 724 840 778 planorum
884 725 1030 766 orbitae
1070 734 1108 764 et
1137 724 1241 765 oculi
1274 726 1319 765 ad
1353 726 1389 766 se
1422 727 1518 770 inui-

203 802 290 830 cem
311 821 322 841 ‚
360 790 421 829 seu
463 788 617 842 angulus
655 786 757 827 TSI
779 820 789 840 ,
833 801 948 842 quem
981 787 1087 828 recta
1118 786 1193 829 TS
1226 789 1268 829 in
1301 788 1419 843 plano
1451 804 1521 834 or-

203 853 302 894 bitae
344 851 392 893 ad
440 851 583 892 lineam
637 852 830 892 nodorum
876 852 965 908 RQ
1001 852 1043 892 in
1074 860 1211 892 centro
1244 849 1271 894 S
1301 855 1518 908 normalis,

200 916 395 956 constituit
433 928 524 957 cum
566 914 637 955 alia
670 915 773 955 reita
805 912 858 955 IS
878 947 889 967 ‚
923 928 978 956 ex
1029 916 1171 957 eodem
1222 924 1358 956 centro
1406 914 1434 958 S
1471 918 1520 962 ad

199 980 360 1020 eandem
394 979 483 1036 RQ
509 981 546 1020 in
579 977 697 1032 plano
722 978 824 1019 oculi
855 978 1077 1020 normaliter
1108 978 1287 1019 excitata.
1353 979 1424 1021 His
1446 993 1524 1034 po-

200 1044 276 1084 sitis
315 1043 360 1084 sit
400 1043 534 1084 oculus
574 1044 614 1082 in
646 1043 686 1083 A
718 1052 759 1082 et
790 1042 1051 1095 concipiamus
1090 1042 1236 1083 rectam
1277 1039 1354 1083 SA
1375 1073 1386 1094 ,
1421 1056 1520 1098 quae

199 1106 349 1160 semper
380 1106 509 1160 iungat
541 1105 697 1146 oculum
731 1114 770 1145 et
802 1114 979 1145 centrum
1020 1105 1180 1147 orbitae.
1248 1104 1372 1147 Moto
1404 1107 1522 1150 oculo

200 1182 254 1210 ex
287 1169 325 1209 A
358 1170 466 1210 iuxta
500 1169 623 1210 AIN
658 1168 785 1209 oculus
817 1168 963 1210 reetam
997 1166 1073 1210 AS
1106 1168 1207 1209 circa
1245 1178 1420 1211 centrum
1452 1182 1518 1212 or·

201 1233 301 1272 bitae
333 1233 522 1273 immotae
561 1229 588 1272 S
621 1232 879 1272 circumducet
898 1264 909 1283 ,
942 1244 1038 1286 quae
1070 1231 1231 1286 proinde
1269 1234 1392 1274 varias
1424 1246 1518 1276 nan·

200 1296 353 1336 ciscetur
387 1297 589 1349 positiones
620 1295 789 1349 respcc'tu
832 1295 952 1335 lineae
983 1295 1177 1336 nodorum
1210 1294 1316 1349 Nn,
1349 1309 1421 1351 per
1451 1289 1543 1339 an?

200 1360 311 1413 gulos
350 1358 460 1401 nSA
485 1393 495 1412 ,
536 1359 599 1399 vel
633 1359 741 1401 NSA
782 1359 1077 1413 dignoscendas,
1119 1359 1183 1413 qui
1215 1360 1340 1412 anguli
1371 1359 1519 1415 elonga-

199 1427 314 1465 tiones
349 1424 439 1465 oculi
479 1437 505 1465 a
535 1424 636 1465 nodis
665 1424 810 1464 orbitae
840 1432 1041 1463 vocentur.
1080 1422 1147 1463 Ad
1180 1422 1326 1465 rectam
1365 1421 1447 1465 SA
1480 1426 1523 1466 in

197 1498 334 1529 centro
376 1489 521 1529 orbitae
561 1485 588 1527 S
630 1487 780 1541 semper
822 1485 995 1527 normale
1027 1486 1081 1527 est
1114 1486 1274 1541 planum
1307 1487 1521 1540 proiectio-

198 1553 257 1593 nis
299 1550 364 1606 (ξ.
385 1550 461 1606 4.)
505 1551 607 1605 quod
647 1552 734 1591 ideo
776 1552 925 1604 semper
963 1549 1137 1591 normale
1176 1550 1430 1605 perseuerabit
1469 1552 1519 1595 ad

198 1616 360 1669 planum
411 1615 541 1666 oculi,
595 1627 861 1669 quamcunque
919 1614 1152 1667 positionem
1201 1614 1371 1667 acquirat
1410 1615 1515 1656 reita

197 1679 277 1721 SA.
346 1676 618 1719 Cir-cumdiiCta
651 1678 697 1718 ab
728 1678 843 1718 oculo
875 1677 980 1717 reeta
1012 1675 1080 1718 AS
1115 1677 1215 1717 circa
1246 1676 1521 1719 Scommuni·

197 1743 300 1783 cabit
334 1742 450 1796 plano
483 1743 734 1796 proiestionis
763 1752 942 1782 motuum
983 1742 1180 1794 vertiginis
1211 1741 1307 1782 circa
1340 1754 1457 1783 axem
1476 1743 1519 1785 in

197 1805 223 1848 S
258 1807 306 1847 ad
340 1807 494 1860 planum
537 1807 640 1847 oculi
679 1805 905 1846 normalem.
969 1805 1135 1862 Quando
1173 1805 1304 1846 oculus
1340 1809 1517 1860 peruenit

198 1871 244 1910 ad
278 1870 416 1922 puncta
450 1869 493 1912 N
526 1871 591 1911 vel
620 1884 673 1920 n,
708 1870 745 1909 in
778 1869 910 1922 quibus
950 1869 1047 1910 linea
1081 1868 1272 1910 nodorum
1307 1869 1385 1911 Nn
1404 1870 1515 1912 serni-

199 1942 281 1971 tam
314 1932 414 1972 oculi
448 1933 543 1973 secat
562 1966 572 1985 ,
607 1933 709 1975 resta
738 1932 804 1973 AS
823 1946 910 1973 cum
931 1931 1007 1975 NS
1028 1932 1088 1973 vel
1106 1930 1156 1973 nS
1177 1933 1360 1973 coincidit
1377 1943 1413 1973 ct
1431 1934 1512 1988 pla·

201 2007 295 2034 num
340 1996 588 2048 proicstioiiis
638 1997 811 2038 normale
852 1997 898 2037 fit
939 1999 986 2038 ad
1018 1997 1159 2036 lineam
1201 1998 1396 2037 nodorum
1419 2028 1431 2048 ,
1464 1997 1513 2037 ad

202 2070 323 2111 eoque
365 2058 538 2099 normale
576 2061 624 2102 ad
661 2061 772 2116 plana
814 2070 898 2102 tum
940 2060 1044 2103 oculi
1084 2070 1167 2102 turn
1203 2061 1378 2112 orbitae,
1408 2069 1513 2099 tran-

263 2123 362 2165 Tom.
385 2122 507 2165 XIII.
800 2124 842 2167 N
881 2137 907 2167 n
1418 2121 1512 2165 fiens
