2044 2735
551 131 636 177 176
863 123 946 166 DE
976 121 1142 166 SONIS
1182 119 1561 166 MVLTIFARIIS

547 239 678 278 minae
710 237 748 277 in
782 250 1045 291 quemcunque
1079 236 1190 277 situm
1225 236 1392 277 inflexae
1425 237 1583 277 durante
1615 244 1697 275 tota
1731 235 1857 276 vibra-

547 302 653 341 tione
687 300 905 342 constanter
939 314 1162 354 permanere
1195 302 1233 340 in
1269 302 1407 340 eodem
1444 300 1588 353 puncto
1619 296 1666 339 C.

663 368 722 405 60.
757 364 937 405 Summas
969 366 1145 405 omnium
1169 365 1304 405 xirium
1339 364 1630 404 accelerantium
1664 364 1710 403 ad
1733 376 1860 417 oppo-

549 429 628 471 sitas
659 438 785 482 partes
816 429 938 468 lineae
972 427 1056 468 BD
1089 426 1165 468 effe
1200 428 1373 481 aequales
1407 438 1443 467 et
1477 429 1681 467 contrarias

661 499 718 541 70.
740 491 869 546 Spatia
886 492 1160 545 comprehensa
1178 492 1277 530 inter
1296 492 1413 531 τεᾶιιε
1424 489 1490 539 Be,
1505 490 1584 546 fD
1595 490 1864 547 etarcusbe,sd

547 556 655 599 simul
665 557 780 596 sumta
799 553 873 596 esse
883 556 1043 609 aequalia
1055 556 1173 608 spatio
1183 554 1260 611 ease
1270 556 1315 594 ad
1326 556 1553 594 contrariam
1566 564 1711 608 partem
1724 554 1861 608 posito.

666 620 749 660 Hae
780 619 861 660 sunt
901 621 1150 673 proprietates
1183 631 1319 658 curuae
1339 651 1348 669 ,
1386 619 1431 657 ad
1465 631 1574 671 quam
1606 618 1748 658 lamina
1791 618 1862 657 ela-

550 683 640 725 stica
673 683 877 723 vniformis
911 683 1131 723 naturaliter
1165 682 1267 722 reeta
1301 692 1339 721 et
1381 681 1580 735 percussa,
1624 682 1714 722 dum
1758 681 1866 721 olcil-

551 747 714 788 lationes
749 747 925 787 minimas
959 746 1141 800 perficit,
1180 747 1428 798 incuruatur3
1473 745 1608 785 harum
1653 746 1865 798 proprieta-

550 820 632 851 tum
668 823 746 864 ope
781 812 996 864 poterimus
1026 811 1205 862 deinceps
1238 810 1442 849 arbitrarias
1475 809 1687 849 constantes
1708 809 1753 848 ad
1771 820 1866 862 pro-

550 873 722 928 posltum
757 874 926 914 nostrum
972 874 1085 913 vtiles
1119 872 1297 925 definire3
1343 874 1517 926 aequatio
1559 882 1685 911 autem
1729 884 1864 912 curuae

549 938 694 990 becfd
731 937 862 977 eadem
885 937 1033 989 semper
1054 937 1104 976 est
1123 949 1263 989 nempe
1287 930 1604 992 j⁴dflrzydx⁴
1649 936 1863 987 pariterque

550 1000 688 1041 eadem
724 1000 916 1054 expreffio
946 1013 1017 1053 pro
1051 1001 1291 1053 longitudine
1327 999 1359 1040 L
1394 999 1548 1052 penduli
1581 999 1760 1051 simplicis
1795 997 1863 1037 iso-

551 1069 689 1111 chroni
709 1083 797 1111 cum
817 1069 1091 1109 vibrationibus
1118 1069 1283 1108 laminae
1303 1101 1314 1119 ,
1348 1080 1491 1122 nempe
1511 1068 1608 1109 L:
1629 1062 1680 1123 ³3¹³
1703 1086 1720 1105 x
1741 1056 1801 1123 {—‡›<
1814 1067 1861 1109 C.

668 1127 706 1174 ὃ.
742 1132 820 1174 XI.
864 1132 1014 1173 Omnes
1055 1144 1152 1171 vero
1195 1131 1408 1184 praedictae
1450 1134 1701 1185 proprietates
1749 1136 1865 1174 etiam

561 1195 747 1236 subsistere
767 1193 926 1249 poffunt
945 1228 955 1246 ,
990 1195 1016 1235 si
1034 1194 1174 1234 lamina
1193 1195 1331 1234 vibrari
1350 1205 1517 1248 ponatur
1549 1196 1595 1235 ad
1629 1197 1790 1237 modum
1819 1196 1864 1236 fi-

555 1271 667 1313 gurae
711 1259 890 1300 secundae
932 1259 995 1298 vel
1039 1257 1180 1311 figurae
1222 1259 1355 1297 tertiae
1397 1267 1436 1297 et
1472 1258 1519 1298 {ic
1554 1272 1700 1312 porro,
1736 1262 1787 1300 ita
1823 1270 1865 1300 vt

553 1332 748 1363 curuatura
778 1323 940 1363 laminae
973 1322 1112 1361 lineam
1145 1319 1232 1361 BD
1265 1321 1329 1361 vel
1363 1322 1403 1360 in
1436 1322 1580 1362 duobus
1613 1323 1677 1362 vel
1710 1323 1747 1362 in
1775 1336 1862 1377 qua-

555 1396 642 1427 tuor
682 1385 747 1425 vel
789 1387 827 1425 in
869 1388 934 1425 [ex
977 1386 1128 1438 punctis
1165 1395 1205 1425 et
1247 1384 1294 1425 fic
1329 1386 1367 1424 in
1402 1385 1595 1426 infinitum
1633 1386 1861 1440 interlecet·⁷

556 1462 634 1502 quo
669 1450 795 1489 maior
827 1459 953 1488 autem
988 1448 1041 1488 est
1076 1460 1250 1488 numerus
1282 1448 1588 1489 interseetionum
1624 1462 1673 1489 eo
1717 1451 1864 1491 acutior

556 1512 600 1552 fit
634 1512 741 1551 sonus
763 1527 769 1550 2
807 1512 872 1551 lias
904 1524 1000 1551 vero
1018 1521 1226 1551 curuaturas
1245 1512 1428 1565 sonosque
1448 1512 1713 1564 respondentes
1739 1515 1862 1554 dicam

554 1578 742 1630 pertinere
776 1575 820 1614 ad
856 1576 1022 1627 primam
1067 1572 1232 1614 classem.
1301 1574 1383 1614 Iam
1418 1576 1520 1614 enim
1556 1576 1776 1616 monstrabo
1812 1576 1863 1615 se-

553 1641 718 1680 cundam
761 1637 941 1690 superesse
982 1636 1134 1679 classem
1158 1671 1168 1690 ,
1213 1639 1250 1677 in
1293 1651 1364 1692 qua
1405 1651 1580 1678 numerusv
1616 1639 1861 1690 praestit-arum

555 1701 864 1742 interfectionum
898 1702 1067 1742 similiter
1102 1703 1139 1742 in
1174 1701 1369 1741 infinitum
1403 1702 1580 1754 progredi
1615 1703 1768 1754 potest,
1804 1704 1863 1743 led

554 1766 763 1819 impariter.
833 1764 997 1805 Seorsim
1034 1765 1130 1804 lianc
1163 1764 1313 1805 claffem
1347 1765 1586 1804 indicandam
1608 1768 1756 1817 putaui,
1778 1767 1862 1819 quia

556 1842 661 1870 nouo
695 1827 842 1868 calculo
876 1842 972 1880 opus
1005 1828 1119 1868 habet
1153 1829 1326 1881 quamuis
1360 1841 1494 1880 parum
1537 1827 1694 1867 diuerso.

674 1892 706 1939 ξ.
744 1891 841 1931 XII.
888 1891 1098 1931 Secundam
1152 1891 1305 1931 classem
1357 1891 1586 1930 constituunt
1619 1891 1865 1932 ostillationes

558 1968 652 2009 quae
694 1955 789 1995 fiunt
834 1956 878 1994 ad
923 1967 1100 1995 normam
1146 1954 1284 2007 figurae
1320 1953 1392 2004 4¹³⁰
1424 1964 1460 1993 et
1500 1952 1568 2002 5¹⁴³?
1603 1968 1759 2007 quarum
1796 1970 1863 1998 nu-

557 2031 684 2061 merus
716 2020 752 2058 in
789 2018 976 2058 infinitum
1013 2019 1285 2071 progreditur,
1321 2016 1500 2057 differunt
1531 2030 1750 2059 curuaturae
1787 2021 1865 2073 pri-

557 2095 644 2123 mae
678 2081 796 2123 claffis
829 2095 847 2123 a
883 2083 1089 2123 curuaturis
1122 2083 1303 2124 secundae
1323 2114 1334 2134 ,
1367 2082 1469 2135 quod
1504 2094 1684 2123 numerus
1710 2083 1861 2124 interse-

1762 2147 1861 2186 ἀίο-
