2044 2735
215 118 396 163 SVPER
430 112 623 162 PLANO
666 109 1085 161 HORIZONTALI
1113 109 1345 157 ASPERO.
1448 124 1533 167 243

215 237 268 278 ria
303 238 400 276 circa
432 250 545 276 axem
583 237 711 276 minor
745 235 796 276 est
817 269 827 287 ,
861 248 973 290 quam
1008 235 1177 274 celeritas
1208 244 1336 273 motus
1369 235 1542 289 progres—

215 301 294 342 siui.
363 302 490 356 Quam
512 302 680 353 primum
701 311 828 339 autem
864 302 963 340 inter
996 299 1066 338 ho>=
1097 299 1191 338 duos
1223 309 1352 339 motus
1377 299 1535 352 aequali>

216 376 271 405 tas
305 365 532 414 intercedit,
568 373 646 403 tum
682 361 808 402 frietio
846 364 965 403 subito
1004 360 1189 411 cessabit,
1224 373 1423 414 motusque
1460 374 1537 402 tam

217 428 461 482 progrelliuns
480 459 489 476 ,
525 441 637 480 quam
671 429 874 467 rotatorius
905 426 1077 467 mauebit
1096 424 1298 465 uniformis
1319 457 1329 476 ,
1366 427 1541 480 nifiqua-

216 504 323 532 tenu>
356 505 374 530 a
411 491 613 530 resistentia
644 493 739 530 aeris
779 503 822 530 ac
858 490 1060 530 villosa-„ite
1091 489 1192 542 plani
1234 489 1470 530 diminuitur.

335 556 368 604 §.
393 569 414 604 3
428 567 463 592 2.
498 553 626 594 Datur
660 554 797 593 scilicet
830 553 936 607 super
970 553 1088 607 plano
1122 562 1256 604 aspero
1291 564 1368 591 nou
1389 553 1539 593 obstan-

219 631 254 660 tc
287 620 463 658 fric‘tione
497 627 624 657 motus
657 618 860 657 vniformis
893 618 1040 658 mixtus
1073 628 1125 655 cx
1154 615 1386 668 progrcssino
1423 627 1459 657 et
1479 629 1539 656 ro-

216 684 387 729 morio,
430 694 506 733 quo
525 693 611 720 cum
654 693 794 734 corpus
825 691 1016 734 perpetuo
1057 680 1130 720 sine
1167 679 1242 718 vlla
1285 681 1538 721 diminutione

214 747 506 801 progredietur,
548 744 573 784 si
615 745 767 797 quidem
814 757 883 784 nec
925 745 1124 785 resistentia
1171 742 1266 782 aeris
1319 756 1388 785 nec
1437 745 1538 797 plani

212 810 393 851 villofitas
426 808 748 861 impedimentum
791 807 935 848 afferat.
1002 807 1148 849 Existit
1181 816 1310 847 autem
1344 809 1411 849 iste
1447 821 1517 848 mo

212 887 268 914 tus
306 873 507 913 vniformis
541 883 626 911 tum
658 886 746 912 cum
782 872 909 912 frietio
943 872 973 914 F
1007 873 1157 927 penitus
1190 868 1333 924 cessat,
1366 874 1403 912 id
1430 873 1533 924 quod

203 939 356 988 euenit,
382 949 496 991 quam
529 937 698 990 primum
725 936 913 990 pinetum
958 933 992 976 C
1021 936 1180 990 planum
1225 935 1357 975 radere
1384 935 1529 988 delinit,

209 1003 393 1055 provenit
443 1001 547 1041 enim
581 1000 708 1040 fric‘tio
742 1014 763 1040 a
796 1010 905 1041 motu
949 1000 1068 1051 basis,
1100 1012 1168 1053 qua
1204 1010 1343 1052 corpus
1375 1000 1533 1054 planum

208 1069 361 1118 tangit,
404 1064 512 1117 snper
551 1064 667 1116 plano
700 1065 800 1105 OV.
867 1064 1010 1120 Quodsi
1044 1076 1137 1117 ergo
1179 1074 1370 1116 ponamus
1400 1063 1535 1104 celeri-

209 1140 327 1169 tatem
362 1139 488 1169 motus
523 1128 741 1181 pr‹)gressit1i
783 1129 821 1167 in
854 1129 1067 1168 discetione
1107 1125 1263 1168 GF:
1283 1126 1360 1168 Vv
1391 1127 1451 1167 seu
1468 1127 1536 1168 de-

210 1193 328 1232 bitam
380 1191 566 1232 altitudini
617 1204 672 1242 v,
713 1201 798 1231 tum
848 1191 916 1232 nisi
967 1201 1095 1232 motus
1140 1191 1346 1231 rotatorius
1393 1188 1536 1232 adeffet

210 1257 351 1310 singula
382 1257 554 1308 corporis
586 1256 730 1308 pune'ta
750 1287 760 1305 ‚
795 1256 957 1309 ideoque
972 1257 1090 1295 etiam
1110 1254 1295 1308 punitum
1329 1251 1364 1294 C
1398 1255 1533 1296 eadem

210 1321 400 1360 celeritate
443 1315 521 1360 Vv
560 1319 600 1358 in
630 1318 841 1360 directione
882 1318 963 1360 CV
996 1330 1230 1362 moueretur,
1298 1316 1366 1359 Sin
1399 1329 1532 1359 autem

209 1395 402 1438 ponamus
434 1395 588 1424 motum
624 1384 855 1424 rotator-ium
890 1383 1011 1424 solnm
1046 1382 1200 1436 adeste,
1229 1394 1308 1436 quo
1341 1382 1529 1438 puncstum

211 1446 246 1488 C
281 1450 380 1488 circa
415 1459 528 1488 axem
566 1457 770 1492 moueatur
805 1447 1002 1489 celeritate
1034 1460 1089 1486 z
1123 1443 1188 1487 Vu
1229 1447 1268 1486 in
1301 1446 1454 1499 plagam
1487 1444 1531 1486 D

208 1509 294 1554 HC
312 1544 322 1562 ,
358 1521 440 1551 tum
477 1511 664 1564 pnne'tum
700 1509 734 1550 C
767 1510 859 1551 dum
892 1512 1049 1564 planum
1083 1511 1204 1564 tangit
1233 1509 1456 1554 ‚monebitur
1489 1510 1528 1549 in

207 1576 418 1617 directione
451 1572 533 1617 CO
565 1575 757 1616 celeritate
786 1588 842 1613 Ξ
877 1573 961 1616 Vu.
1026 1575 1155 1631 Quare
1199 1574 1225 1614 si
1258 1583 1415 1626 vterque
1440 1585 1531 1615 mo-

208 1651 268 1681 tus
311 1650 394 1680 tum
433 1639 684 1694 progrefliuus
728 1652 840 1693 quam
875 1641 1080 1679 rotatorius
1113 1638 1223 1678 simul
1256 1637 1341 1676 insit
1372 1637 1410 1676 in
1443 1649 1527 1678 cor-

210 1716 303 1758 pore
324 1737 334 1755 ,
377 1714 459 1743 tum
496 1705 627 1758 punsti
671 1700 705 1743 C
736 1703 907 1742 celeritas
940 1707 979 1743 in
1015 1702 1228 1743 directione
1259 1698 1332 1740 CV
1366 1701 1438 1740 erit
1474 1714 1528 1741 :z

211 1766 249 1807 V
260 1782 287 1809 v
306 1790 346 1795 —
367 1764 459 1808 Vu:
495 1781 546 1808 ex
576 1780 653 1822 quo
687 1767 714 1807 fi
748 1765 815 1807 fiat
849 1764 920 1807 Vu
953 1781 1009 1807 :z
1041 1762 1140 1817 Vv,
1182 1774 1311 1805 motus
1345 1765 1473 1818 punffi
1494 1761 1528 1804 C

211 1832 321 1885 super
362 1832 478 1884 plano
519 1833 670 1886 penitus
710 1829 897 1882 cessabit,
940 1830 1125 1883 simulque
1160 1827 1285 1869 frictio
1316 1832 1528 1869 euanelcet.

212 1893 362 1948 Corpus
401 1907 523 1948 ergO,
564 1896 762 1950 postquam
809 1895 909 1935 hunc
956 1904 1111 1936 motum
1153 1892 1263 1933 fuerit
1312 1892 1497 1946 adeptum
1519 1926 1528 1944 ‚

212 1969 400 2012 perpetuo
432 1960 674 2012 aequabiliter
705 1960 884 2013 progredi
920 1968 1066 2012 perget.

329 2022 362 2069 ξ.
389 2035 460 2072 33.
498 2023 691 2077 Quoniam
735 2033 861 2064 autem
903 2024 949 2063 ad
982 2033 1138 2064 motum
1173 2020 1402 2061 rotatorium
1436 2019 1531 2059 defi-

214 2086 395 2126 niendum
448 2085 554 2126 noffe
598 2095 755 2140 oportet
797 2097 1040 2128 momentum
1077 2086 1236 2126 inertiae
1269 2083 1441 2137 corporis
1473 2094 1532 2121 re—

782 2150 820 2190 H
841 2150 867 2189 h
889 2161 913 2189 2
1400 2145 1533 2199 speetu
