2044 2735
379 158 407 186 a
439 144 578 187 DAN.
616 141 904 189 BERNOVL.
942 145 998 186 ad
1027 144 1076 186 L.
1111 141 1320 191 ,EVLER
1450 157 1504 198 ¹3

202 261 254 301 ita
295 270 340 301 vt
392 262 436 303 sit
488 259 1507 320 (s-A)x(s-B)x(s—C)>‹(s-D)xetc.:0;

199 325 291 364 dico
337 325 417 365 fore
548 321 1389 376 yzan—qt-beBx—'r-cecxdenx-—f-etc.

196 387 265 426 vbi
298 388 442 427 litterae
477 400 533 438 a,
570 388 622 438 b,
657 401 707 438 c,
741 389 858 428 dete.
895 388 1120 440 exprimunt
1153 390 1379 440 quantitates
1414 391 1512 432 arbi.

195 450 321 490 trarias
353 449 582 490 constantes:
618 449 911 492 Demonstratio
940 461 1069 491 autem
1104 449 1211 491 huius
1242 451 1438 494 solutionis
1456 467 1508 497 ex

195 513 405 567 pmcmiffis
434 514 581 554 abunde
622 523 740 566 patet.

315 576 399 617 Iam
439 589 537 616 vero
577 579 801 630 contingere
841 576 965 630 potest
1006 586 1051 615 vt
1093 576 1241 629 aliquae
1283 585 1347 616 aut
1389 579 1506 620 etiam

196 651 330 679 omnes
361 640 504 679 radices
538 640 606 691 A,
638 638 672 679 Β
692 672 702 692 ,
736 638 770 679 C
790 672 801 691 ‚
834 639 875 680 D
908 651 979 679 etc.
1015 640 1085 680 sint
1117 640 1362 692 imaginariae
1382 674 1392 692 ‚
1426 644 1506 695 qui-

196 701 261 740 bus
296 703 333 741 iu
367 702 504 743 casibus
536 703 674 742 iblutio
706 701 797 743 effet
831 702 1081 755 imperfeesta:
1116 703 1215 743 Huic
1249 703 1413 744 defeetui
1456 706 1507 746 ita

129 800 141 810 ,
192 775 418 805 occurretur.
489 764 574 805 Sint
607 765 715 806 verbi
750 767 866 819 gratia
901 764 934 805 C
969 776 1007 806 et
1040 765 1082 806 D
1115 767 1208 806 duae
1242 767 1383 806 radices
1409 769 1506 808 ima-

193 828 357 879 ginariae
390 832 474 871 (nec
511 832 614 869 enirn
649 842 812 870 numero
846 829 1012 881 impares
1046 828 1122 869 effe
1165 827 1340 883 pofl‘unt)
1380 830 1505 872 substi-

191 892 351 931 tuendus
381 893 450 931 erit
482 892 521 931 in
555 895 782 946 aequatione
815 892 987 944 integrali
1019 892 1180 945 quaesita
1219 905 1292 946 pro
1335 895 1509 937 terminis

951 953 971 976 c
1032 952 1054 976 1)
1092 970 1099 978 .

195 985 288 1024 binis
306 981 586 1031 cecx-i-dem
606 986 685 1025 talis
704 958 1053 1042 terminasse-'2³‘
1071 971 1095 998 ’χ
1120 976 1503 1045 xS.A.(g-†-{J—J{x)

192 1049 255 1101 qui
292 1047 442 1102 scmper
473 1051 543 1089 erit
575 1049 680 1089 realis
701 1083 711 1101 ,
742 1051 889 1103 quoties
922 1051 1068 1090 litterae
1100 1048 1134 1090 C
1169 1062 1206 1090 et
1240 1049 1504 1093 Dinuoluunt

191 1112 334 1151 radices
370 1113 563 1165 quadratas
605 1113 757 1152 alicuius
797 1114 1014 1166 quantitatis
1054 1115 1284 1167 neg-atinae,
1324 1125 1436 1169 atque
1478 1117 1507 1159 fi

190 1175 318 1229 plures
363 1189 477 1228 quam
520 1176 613 1215 duae
652 1176 724 1216 sint
767 1175 985 1217 huiusmodi
1036 1177 1178 1217 radices
1228 1177 1505 1231 imaginariae,

189 1251 263 1291 pro
298 1239 445 1290 singulis
478 1239 572 1278 binis
605 1239 734 1279 fimilis
766 1239 978 1279 substitutio
1011 1237 1181 1279 facienda
1199 1239 1275 1279 est:
1311 1241 1504 1283 Nondum

190 1312 320 1340 tamen
356 1301 454 1340 mihi
487 1302 567 1340 latis
607 1302 855 1354 exploratum
900 1301 982 1352 est,
1025 1314 1072 1340 an
1116 1301 1324 1342 necessario
1366 1304 1501 1344 alteru-

191 1374 291 1403 trum
324 1365 577 1417 quantitatum
609 1376 727 1416 genus
761 1363 990 1417 problemati
1021 1363 1171 1415 semper
1204 1365 1274 1403 rite
1301 1365 1504 1420 fiitisfiiciat,

190 1427 336 1467 etiamsi
370 1428 508 1467 radices
542 1427 788 1480 imaginariae
821 1427 893 1467 sint
925 1426 1066 1465 altioris
1106 1426 1268 1479 gradus:
1314 1428 1419 1469 Haec
1462 1439 1503 1471 et

187 1491 306 1531 multa
337 1490 406 1529 alia
427 1522 437 1541 ,
471 1501 566 1542 quae
598 1502 697 1529 nunc
731 1499 958 1543 praetereO,
999 1489 1202 1542 aliquando
1242 1491 1374 1543 paullo
1417 1505 1502 1532 ma.

188 1555 303 1593 tarius
335 1553 593 1593 examinabo:
629 1565 724 1607 quae
755 1555 862 1594 enim
897 1565 998 1594 nunc
1030 1552 1153 1592 scribo
1183 1553 1262 1593 fere
1294 1556 1500 1596 tumultua-

185 1619 240 1658 ria
272 1617 368 1656 sunt.

306 1679 431 1720 Potest
464 1691 584 1732 porro
615 1681 784 1721 accidere
802 1712 813 1731 ,
847 1690 892 1720 vt
923 1679 1020 1719 dnae
1045 1688 1106 1719 aut
1125 1678 1248 1733 plures
1266 1681 1411 1722 radices
1430 1694 1498 1722 ex-

190 1742 336 1798 praesse
370 1755 437 1795 per
469 1743 506 1783 A
528 1775 539 1794 ,
571 1741 605 1783 B
625 1777 635 1794 ,
669 1741 732 1795 C,
767 1742 809 1783 D
845 1754 919 1783 etc.
956 1743 1027 1782 sint
1061 1743 1252 1796 aequales,
1286 1745 1388 1797 quod
1408 1758 1499 1786 cum

190 1806 236 1846 fit
257 1839 267 1856 ,
301 1807 471 1846 cofluunt
503 1806 613 1859 aliqui
645 1807 799 1846 termini
819 1807 858 1846 in
878 1806 1101 1860 aequatione
1122 1806 1294 1846 exhibita
1314 1821 1407 1859 y:
1436 1808 1500 1849 ean

190 1866 881 1917 -4-bcssx-i-ceffl4-der-i-etc.
918 1869 1022 1910 etsie
1050 1871 1195 1922 aliquae
1215 1871 1495 1914 arbitrariarum

190 1944 216 1973 a
236 1965 245 1983 ,
279 1931 302 1971 lt
324 1966 333 1983 ,
365 1946 386 1971 c
407 1963 419 1981 ,
451 1934 479 1973 d
508 1944 580 1972 etc.
616 1933 766 1973 inutiles
800 1933 896 1973 fiunt
930 1945 1001 1972 nec
1035 1933 1200 1985 amplius
1234 1936 1407 1985 aequatio
1431 1937 1499 1977 ista

191 2006 311 2036 totam
344 1996 442 2036 suam
479 1996 593 2036 habet
623 1997 900 2037 extensionem.
968 1996 1067 2036 Huic
1100 2008 1198 2035 nunc
1232 1996 1395 2037 defectui
1430 2012 1501 2039 oc-

191 2070 357 2100 curretur
397 2059 694 2116 multiplicando
733 2061 984 2114 quantitatem
1023 2059 1339 2115 exponenti-alem
1382 2074 1497 2101 com-

801 2121 836 2164 B
855 2135 881 2175 3
1331 2135 1491 2165 munem
