2044 2735
545 96 635 149 456
671 92 751 135 DE
771 84 1184 139 GANDISAPORA
1211 86 1473 141 PERSARV
1474 86 1528 130 M
1542 83 1853 148 QVONDAM

541 225 621 253 non
662 211 798 264 eadem
829 210 986 263 *ratione
1027 206 1310 263 Gandisaporae
1347 206 1487 247 filetum
1528 205 1670 261 fuerit,
1711 205 1852 248 nullam

538 276 657 316 x‘idco
688 259 876 314 titionem
912 266 1175 313 sufficientem.

656 337 893 379 Addendum
945 349 1045 376 nunc
1094 335 1178 390 est,
1229 345 1274 376 vt
1320 333 1470 377 scholae
1522 333 1856 389 Gandilhporenfis

537 413 697 450 omnem
741 400 874 441 statum
914 401 1051 441 melius
1090 400 1383 453 peruideamus,
1423 400 1526 454 quod
1559 408 1709 454 praeter
1740 399 1854 440 theo-

538 464 680 518 logiam
733 474 773 504 et
803 465 1032 506 medicinam
1083 465 1121 503 in
1163 476 1204 503 ea
1238 464 1357 504 etiam
1406 464 1539 503 tradita
1589 463 1659 503 alia
1700 462 1853 504 fuerint.

540 529 774 582 Frequenter
823 537 1089 569 memorantur
1134 528 1303 568 eiusdem
1344 526 1494 567 scholae
1539 526 1715 567 scribae:
1767 539 1857 581 quos

540 602 638 646 puto
688 591 760 632 effe
810 592 924 644 illos>
991 604 1086 645 quos
1133 601 1341 644 occupatos
1383 591 1536 631 tenebat
1585 590 1750 630 studium
1802 590 1858 630 le-

540 667 634 708 gum
659 688 669 707 ,
707 667 783 709 quo
816 655 851 695 se
886 664 996 708 aptos
1026 654 1254 708 reipublicae
1293 654 1456 707 negotiis
1495 654 1665 694 ciuilibus
1699 653 1854 695 reddere

540 719 760 771 cupiebant.
830 717 946 759 Certe
988 720 1088 758 inter
1121 716 1291 760 Graecos
1343 728 1383 757 et
1414 718 1630 758 Orientales
1675 717 1855 758 honorati

541 781 722 823 homines
763 794 871 823 erant
912 780 944 822 ἐι
987 779 1285 838 'manua-555:
1330 782 1433 835 quod
1475 794 1527 821 ex
1569 781 1674 821 sacris
1722 782 1856 822 litteris

541 847 791 900 comprobari
832 846 985 900 pofl‘et,
1023 858 1063 886 et
1103 858 1153 885 ex
1195 845 1319 886 numis
1359 845 1490 898 ample
1529 844 1725 895 illustrari,
1759 844 1786 885 si
1819 845 1858 886 id

539 911 642 950 locus
683 910 747 950 hic
781 910 1037 964 permitteret.
1103 910 1228 965 Quare
1262 909 1424 948 minime
1457 907 1555 948 mihi
1587 909 1740 948 viderer
1771 921 1853 949 rem

540 973 792 1026 adsequutus,
835 975 862 1015 fi
903 974 968 1013 vel
1012 974 1180 1012 notarios
1219 973 1284 1013 vel
1323 970 1578 1025 calligraphos
1617 971 1681 1012 hic
1714 972 1857 1012 vellem

540 1037 803 1089 intelligendos
836 1037 1067 1092 propinare:
1105 1048 1332 1090 quamquam
1363 1047 1401 1075 et
1436 1035 1493 1075 his
1525 1034 1649 1075 honos
1670 1035 1736 1075 illo
1755 1045 1859 1076 tem·

539 1113 637 1154 pore
670 1100 905 1152 habebatur,
945 1113 1059 1153 quum
1095 1101 1140 1140 nd
1175 1100 1291 1140 multa
1333 1099 1438 1138 vtilis
1471 1111 1606 1139 eorum
1641 1097 1731 1138 cffct
1764 1112 1855 1153 ope-

538 1177 611 1215 ra,
652 1163 722 1205 illo
763 1165 981 1218 praesertim
1024 1174 1203 1217 tempore
1245 1173 1282 1202 et
1314 1163 1433 1213 loco,
1468 1162 1534 1201 vbi
1565 1163 1745 1203 librorum
1780 1172 1857 1202 emt

540 1239 680 1280 magna
730 1220 859 1268 'raritas
910 1237 950 1268 et
1002 1239 1072 1281 par
1121 1227 1354 1267 defiderium.
1434 1225 1856 1268 THEODORETVS

540 1291 635 1345 Hz'st.
673 1289 859 1348 ecclefiass.
903 1290 1010 1333 libr.
1042 1290 1118 1331 IV.
1155 1291 1251 1344 Cap.
1288 1297 1358 1332 18.
1409 1290 1476 1330 vbi
1507 1290 1555 1330 de
1584 1291 1709 1330 schola
1741 1290 1853 1331 Edes-

538 1355 623 1394 sena
656 1355 762 1408 agit,
807 1357 905 1395 inter
937 1355 1152 1395 conditores
1191 1355 1270 1394 eius
1302 1354 1427 1394 laudat
1459 1354 1728 1394 admirandum
1762 1354 1857 1394 Pro-

539 1427 724 1470 togenen]
748 1453 758 1471 ,
792 1419 830 1458 in
864 1419 970 1459 fixeris
1000 1418 1133 1458 litteris
1162 1418 1352 1458 eruditum
1386 1426 1424 1456 et
1454 1427 1630 1457 notarum
1666 1419 1854 1470 peritum,

539 1482 605 1535 qui
644 1494 853 1534 puerorum
889 1481 1065 1534 magister
1107 1481 1249 1532 finitus,
1288 1480 1398 1521 simul
1441 1480 1526 1521 illos
1568 1493 1638 1533 per
1678 1490 1854 1522 notarum

540 1546 771 1599 compendia
804 1546 959 1585 scribere
1005 1545 1135 1585 docuit
1176 1554 1217 1584 et
1250 1545 1287 1583 in
1321 1544 1458 1584 diuinis
1486 1543 1646 1598 eloquiis
1678 1546 1856 1588 erudiuit.

656 1608 741 1650 Iam
785 1610 848 1662 qui
888 1610 936 1650 de
979 1608 1095 1649 Perfis
1134 1620 1185 1648 ex
1227 1607 1408 1648 Edessena
1449 1607 1573 1648 schola
1607 1607 1736 1648 eiectis
1767 1606 1857 1648 scri-

541 1671 662 1721 bunt,
706 1672 814 1712 fimul
856 1685 945 1712 cum
981 1672 1067 1725 ipsis
1100 1672 1201 1712 aiunt
1235 1670 1425 1711 cxccffiffc
1462 1669 1668 1711 Edcffcnos
1701 1671 1853 1723 stripto-

541 1746 629 1785 res,
664 1735 727 1787 qui
762 1735 928 1774 ciusdem
964 1734 1203 1786 persuasionis
1235 1743 1373 1783 erant,
1407 1733 1459 1772 ob
1491 1745 1603 1785 quam
1638 1732 1766 1772 Persae
1785 1745 1857 1773 ex-

540 1797 787 1851 pellebantur.
856 1795 1031 1849 Cumque
1066 1797 1104 1836 hi
1139 1797 1277 1849 partim
1312 1796 1411 1848 apud
1447 1795 1646 1836 Nisibenos
1678 1796 1857 1837 consede-

539 1861 618 1901 rint
640 1891 650 1910 ,
685 1851 748 1900 :ilii
784 1861 882 1914 apud
924 1859 1107 1900 Elxtmitas
1129 1889 1139 1909 ,
1184 1868 1227 1898 vt
1261 1858 1364 1912 supra
1396 1858 1541 1900 dietum
1575 1859 1659 1909 est,
1696 1859 1857 1901 scholas-

540 1936 615 1977 que
657 1923 926 1964 condiderint:
962 1924 1126 1963 omnino
1165 1922 1301 1962 iustum
1342 1922 1510 1974 videtur,
1555 1922 1693 1963 horum
1737 1925 1855 1965 etiam

540 1996 620 2028 tam
665 1987 838 2028 celeriter
881 1999 949 2041 per
990 1996 1096 2026 notas
1133 1985 1344 2036 scribendi,
1379 1998 1491 2038 quam
1527 1986 1705 2039 deinceps
1737 1987 1858 2039 plenis

539 2060 580 2091 et
629 2051 863 2106 elegantibus
912 2052 1044 2092 litteris
1091 2050 1240 2092 codices
1292 2050 1474 2090 exarandi
1516 2050 1781 2104 magistrorum
1817 2061 1858 2092 ct

1784 2115 1851 2155 stu-
