2044 2735
552 106 606 148 13
619 101 641 139 s
832 94 917 138 DE
951 94 1124 138 MOTV
1163 93 1575 141 osclttAromo

664 207 698 256 §.
740 213 810 250 18.
844 206 1124 261 Inuestigcmus
1154 209 1232 248 iam
1265 209 1366 249 vires
1395 210 1444 250 ad
1476 220 1631 251 motum
1670 210 1859 251 oscillato-

549 270 648 310 rium
682 271 773 311 dato
805 281 981 325 tempore
1013 272 1299 324 producendum
1330 273 1549 327 requisitas,
1581 274 1858 326 ficorpusnon

499 367 510 378 .
552 344 664 374 motu
697 334 760 374 fibi
795 335 978 389 parallelo
1008 348 1061 375 ex
1096 336 1186 376 statu
1219 337 1353 389 quictis
1384 338 1536 377 recedat
1555 370 1566 388 ,
1600 338 1646 378 ad
1678 337 1857 377 eundem-

549 409 624 451 que
655 399 836 451 accedat,
870 399 931 438 sed
963 400 1105 439 interea
1139 404 1238 438 circa
1257 413 1374 440 axem
1393 402 1612 454 quempiam
1634 401 1761 441 fixum
1789 413 1861 452 gy-

546 471 680 513 retur,
713 462 764 502 ita
797 472 840 503 vt
870 461 983 515 spatia
1003 495 1014 514 ‚
1046 474 1143 517 quae
1174 462 1335 516 singulae
1354 466 1527 517 corporis
1553 465 1755 517 particulae
1774 476 1861 517 per-

547 534 701 565 currunt
720 557 731 576 ,
765 527 835 567 sint
868 526 1030 579 ipsarum
1064 526 1242 566 distantiis
1274 527 1320 567 ab
1352 540 1424 566 axe
1446 528 1762 581 proportionalia.
1802 526 1861 567 Sit

546 588 658 641 igitur
691 602 828 643 corpus
861 588 1042 630 ABCD
1072 591 1110 630 in
1129 591 1222 630 statu
1241 591 1447 643 aequilibrii
1466 620 1479 640 ,
1514 592 1616 644 quod
1636 592 1728 631 dum
1746 590 1858 630 oscil-

544 651 706 693 lationes
739 655 914 706 peragit,
949 655 1046 694 circa
1079 667 1195 694 axem
1228 653 1353 694 fixum
1388 654 1455 705 Ο,
1491 657 1674 707 quemad
1695 655 1853 708 planum

544 715 697 756 chartae
731 717 949 757 normalem
981 718 1133 770 concipi
1168 729 1325 771 oportet
1344 751 1355 769 ,
1389 728 1502 758 motu
1533 721 1701 772 angulari
1728 718 1856 758 fertur-

545 778 706 820 Planum
739 780 891 820 chartae
922 781 1176 834 repraesentet
1208 782 1415 822 sectionem
1451 782 1495 822 ad
1528 794 1645 822 axem
1684 782 1723 823 O
1765 795 1858 822 not-

543 843 691 883 malem
726 857 793 897 per
826 855 1003 884 centrum
1034 846 1226 897 grauitatis
1258 846 1434 898 corporis
1467 844 1505 887 G
1548 845 1700 886 fastam.
1777 846 1857 887 Re-

543 918 747 947 moueatur
775 909 851 948 iam
887 908 962 947 hoc
995 921 1135 961 corpus
1168 909 1441 961 aliquantillum
1476 922 1529 948 ex
1563 910 1655 949 statu
1695 909 1855 961 aequili-

545 968 617 1009 brii
638 1004 651 1023 ,
684 973 734 1011 ita
768 982 811 1011 vt
844 971 922 1012 eius
955 982 1128 1011 centrum
1159 973 1349 1024 grauitatis
1379 972 1417 1013 G
1453 974 1692 1012 transferatur
1714 984 1782 1024 per
1801 985 1855 1010 ar-

545 1033 676 1075 culum
709 1033 790 1088 Gg
824 1047 960 1075 centro
1001 1034 1040 1075 O
1073 1037 1300 1088 descriptum
1324 1037 1380 1074 -in
1405 1050 1435 1088 g
1454 1068 1465 1085 ,
1511 1047 1623 1089 atque
1666 1036 1858 1088 quaelibet

542 1100 723 1150 corporis
750 1100 931 1151 particula
965 1098 1010 1138 M
1048 1099 1191 1138 interea
1223 1099 1408 1151 procedet
1442 1111 1513 1150 per
1542 1099 1715 1138 arculum
1750 1098 1796 1139 Μ
1818 1111 1856 1138 m

541 1162 686 1213 pariter
716 1172 852 1202 centro
886 1162 928 1202 Ο
958 1162 1183 1213 descriptum
1203 1193 1213 1212 ,
1266 1162 1317 1200 ita
1358 1172 1402 1201 vt
1433 1161 1477 1201 fit
1542 1161 1700 1214 angulus
1752 1162 1796 1203 M
1815 1162 1855 1204 O

541 1235 581 1263 m
610 1226 773 1279 aequalis
813 1225 954 1278 angulo
995 1224 1033 1267 G
1053 1225 1133 1278 Og
1173 1225 1233 1264 seu
1275 1224 1368 1265 Mm
1387 1241 1395 1263 ·.
1414 1223 1498 1278 Gg
1514 1238 1567 1264 z
1586 1225 1626 1266 Ο
1644 1224 1690 1266 Μ
1713 1240 1721 1264 ι
1741 1226 1781 1266 O
1799 1225 1854 1269 G.

542 1285 634 1329 Hoc
664 1288 769 1329 idem
802 1301 882 1328 non
916 1289 1034 1329 solum
1069 1290 1110 1328 in
1144 1288 1215 1328 hac
1251 1289 1425 1341 corporis
1456 1289 1621 1328 tectione
1657 1301 1728 1342 per
1763 1303 1854 1330 cen-

540 1361 645 1392 tnun
677 1352 868 1405 grauitatis
897 1352 990 1392 faeta
1020 1353 1171 1392 eueniet
1192 1383 1201 1399 ,
1239 1351 1300 1391 sed
1332 1353 1370 1391 in
1404 1353 1514 1392 omni
1557 1351 1724 1393 sectione
1765 1366 1854 1394 cor-

540 1416 652 1468 poris
682 1415 738 1455 illi
771 1415 952 1467 parallela
982 1415 1043 1455 sen
1077 1415 1124 1454 ad
1155 1427 1273 1454 axem
1305 1415 1345 1455 O
1386 1416 1582 1466 normali,
1625 1417 1679 1456 ita
1720 1426 1766 1456 vt
1806 1417 1853 1456 de

539 1477 723 1518 omnibus
751 1480 923 1530 corporis
964 1478 1153 1532 particulis
1191 1477 1338 1517 constet
1355 1510 1368 1528 ,
1408 1490 1477 1529 per
1514 1491 1700 1532 quaenam
1739 1479 1855 1532 spatia

538 1541 805 1581 transferantur
836 1542 928 1582 dum
961 1552 1135 1582 centrum
1168 1542 1358 1593 gmuimtis
1395 1539 1434 1582 G
1466 1554 1535 1594 per
1567 1541 1736 1582 asculum
1781 1541 1853 1594 Gg

540 1615 823 1658 promouetur:
854 1617 966 1658 atine
993 1606 1043 1646 sic
1075 1604 1245 1644 distantia
1276 1605 1435 1644 cuiusuis
1473 1606 1648 1657 corporis
1688 1606 1851 1657 particu-

538 1669 601 1709 lae
635 1681 657 1708 a
688 1668 780 1721 fitu,
811 1682 929 1723 quem
966 1671 1006 1709 in
1038 1669 1132 1709 statu
1164 1668 1361 1721 aequilibri
1397 1668 1572 1720 tenebat,
1605 1667 1759 1709 definiri
1776 1681 1852 1722 po—

537 1733 639 1772 terit.

657 1796 679 1844 §
718 1807 788 1844 ¹9-
808 1796 984 1836 Vocetur
1000 1795 1172 1836 distantia
1189 1793 1355 1836 OGzza
1372 1827 1384 1846 ‚
1413 1805 1453 1835 et
1471 1795 1671 1848 spatiolum
1690 1793 1853 1848 Gg:w‚

541 1869 627 1900 tum
661 1872 711 1899 ex
747 1860 927 1911 particula
962 1860 1007 1900 Μ
1042 1862 1079 1899 in
1115 1859 1271 1912 planum
1305 1859 1351 1898 ad
1382 1858 1557 1898 chartam
1589 1859 1763 1899 normale
1806 1872 1850 1899 ac

541 1937 615 1978 per
645 1936 763 1962 axem
797 1923 838 1964 Ο
871 1935 910 1963 et
940 1934 1111 1964 centrum
1146 1923 1337 1974 grauitatis
1368 1922 1522 1963 ductum
1566 1923 1723 1962 ducatur
1761 1934 1848 1975 pcr-

540 1988 782 2041 penditulum
827 1988 872 2029 Μ
895 1987 927 2027 L
949 2021 958 2039 ,
1002 1996 1159 2040 ponatur
1191 1985 1282 2028 OL
1318 1999 1374 2024 :-
1408 1999 1438 2026 x
1485 1996 1523 2025 ct
1568 1985 1670 2027 LM
1719 1998 1776 2026 z:
1812 1999 1850 2038 y

541 2053 615 2092 erit
677 2051 717 2092 O
753 2051 801 2092 M
865 2066 922 2092 z
984 2047 1023 2090 V
1075 2047 1194 2105 (xx
1244 2056 1312 2097 -k-
1345 2064 1418 2105 yy
1480 2059 1521 2091 ct
1583 2062 1655 2106 per
1717 2049 1843 2090 analo-

1743 2123 1848 2168 gram
