2044 2735
498 140 581 186 DE
613 138 781 187 SONIS
814 142 867 186 M
870 143 912 188 V
911 141 1173 190 LTIFARII
1175 135 1218 188 S
1429 143 1525 198 '175'

206 252 266 299 Sit
297 268 436 310 nempe
469 255 567 310 (Fig.
610 264 649 308 1)
682 255 766 298 BD
799 257 923 298 lanina
956 258 1106 298 elastica
1140 259 1242 299 reeta
1283 271 1353 313 per
1396 267 1521 302 totam

205 321 306 361 suam
341 321 616 373 longitudinem
652 321 854 361 vnil'ormis
875 354 886 371 ,
920 334 1034 375 quam
1067 333 1110 362 vt
1142 323 1281 362 lineam
1309 324 1524 365 mathema-

205 386 321 425 ticam
356 384 698 424 confides-abimum:
736 395 888 437 putetur
919 387 1059 425 lamina
1094 388 1277 439 percuti·⁷
1313 400 1333 427 e
1354 389 1441 428 loeo
1459 388 1524 428 1110

206 461 226 489 a
264 448 494 501 perculsione
529 448 734 488 turbabitur
769 449 922 500 quidem
955 448 1092 488 lamina
1114 481 1124 500 ‚
1156 463 1176 489 a
1196 462 1414 503 quoautcm
1435 464 1524 491 mo-

207 522 247 552 tu
287 512 421 563 locali,
464 513 527 565 qui
561 512 655 551 nihil
685 513 730 551 ad
763 511 976 551 institutum
1011 512 1182 553 nostrum
1213 512 1314 565 facit,
1347 525 1521 557 mentem

205 576 494 628 abstraliemus3
532 574 702 615 Effectus
736 574 978 627 percuss'ionis
1020 576 1134 616 vnice
1176 576 1242 616 hic
1283 578 1523 619 consideran-

207 641 273 680 dus
306 639 472 679 consistit
505 639 544 677 in
576 647 684 677 motu
718 638 888 678 tremulo
922 638 1098 679 intestino
1128 641 1173 680 ad
1192 643 1323 681 ionum
1351 641 1522 682 forman-

206 705 298 743 dum
341 712 460 756 apto:
505 701 579 742 Iste
619 711 746 741 motus
789 702 971 742 tremulus
1006 703 1057 742 ita
1092 703 1149 755 fit,
1181 706 1385 745 vtlamiua
1417 706 1520 746 resta

206 766 336 808 BCD
377 764 536 805 affirmat
578 764 737 818 figuram
777 766 868 807 bed
888 797 898 816 ,
942 767 1054 819 idque
1095 768 1248 808 alternis
1289 770 1431 810 vicibus
1471 770 1522 810 ad

204 843 324 871 vnam
356 828 588 883 alteramque
623 840 808 883 partem·⁷
843 830 950 869 Hanc
991 842 1086 870 vero
1126 832 1399 874 oscillationum
1441 842 1521 873 tre·-

205 893 391 935 mnlarum
425 893 553 934 ideam
586 905 674 933 cum
710 893 786 946 iplir
819 895 872 933 rei
905 903 1037 933 natura
1071 895 1184 947 plane
1216 899 1421 937 conuenire
1463 897 1522 938 lu=

202 957 373 998 culenter
405 969 457 997 ex
490 957 583 996 infm
613 957 780 996 dicendis
813 957 1006 997 elucescet.
1073 959 1155 999 Hac
1188 961 1315 1014 itaque
1351 959 1520 1013 admissa,

200 1022 328 1063 licebit
368 1032 394 1061 a
429 1022 550 1074 priori
592 1031 811 1061 curuaturae
852 1020 940 1062 bcd
975 1021 1112 1062 multas
1145 1025 1398 1078 proprietates
1437 1023 1522 1066 affi-

200 1098 315 1140 gnare
335 1118 345 1137 ,
377 1097 536 1137 quarum
572 1085 790 1138 praecipuas
822 1084 884 1124 hic
924 1087 1242 1127 enumerabimus.

324 1155 377 1188 10.
410 1147 451 1188 Si
486 1149 586 1188 reeta
622 1146 707 1187 BD
738 1148 904 1188 bifariam
949 1149 1090 1190 iecetur
1130 1152 1169 1190 in
1213 1149 1248 1191 C
1289 1151 1521 1207 ducaturque

200 1213 247 1254 ad
279 1211 364 1253 BD
405 1213 568 1252 minima
611 1211 928 1264 perpendicularis
966 1210 1030 1252 Cc
1049 1245 1060 1263 ,
1101 1215 1174 1253 erit
1205 1228 1333 1255 ramus
1365 1217 1445 1258 ceb
1476 1217 1522 1257 fi-

203 1276 304 1317 milis
345 1286 384 1315 et
424 1275 585 1328 aequalis
626 1287 734 1314 ramo
765 1275 848 1329 ch
876 1284 914 1314 et
954 1285 1112 1330 vterque
1151 1277 1199 1318 ad
1232 1279 1395 1320 eandem
1432 1292 1520 1334 pat-

202 1348 283 1380 tem
321 1339 463 1393 positus
495 1341 645 1379 ratione
690 1338 811 1378 lineae
844 1337 946 1378 BD.

321 1411 379 1442 20.
417 1404 593 1455 Tangens
624 1403 663 1441 in
700 1399 734 1441 C
768 1404 840 1442 crit
872 1403 991 1442 lineae
1024 1401 1111 1444 BD
1147 1404 1314 1457 perfecte
1340 1405 1518 1460 parallela

321 1473 378 1517 30.
415 1468 529 1509 Radii
562 1465 678 1506 osculi
712 1466 750 1505 in
786 1467 1093 1507 extremitatibus
1124 1468 1148 1508 b
1181 1479 1218 1508 et
1253 1470 1281 1509 d
1309 1469 1389 1511 sunt
1430 1471 1519 1511 infi—

202 1532 302 1581 niti,
337 1531 424 1584 quia
458 1531 510 1571 ibi
544 1531 601 1570 vis
633 1529 834 1570 inflectens
867 1530 965 1571 nulla
985 1531 1062 1570 est:
1100 1531 1390 1585 sequiturhinc,
1425 1547 1520 1576 cum

201 1596 409 1648 applicatae
432 1608 465 1646 y
498 1607 566 1634 cen
601 1593 749 1634 infinite
781 1606 918 1648 paruae
934 1595 1228 1648 considerentur,
1262 1595 1338 1637 effe
1357 1598 1396 1638 in
1422 1611 1519 1653 pun-

200 1659 272 1699 tstis
302 1659 326 1698 b
360 1668 397 1698 et
429 1660 476 1708 d,
497 1659 639 1709 ddy:
655 1669 697 1696 0.

317 1729 376 1772 4⁹.
423 1722 468 1762 ln
511 1722 642 1762 iisdem
686 1721 836 1774 pansus
873 1722 897 1763 b
937 1732 977 1764 et
1017 1724 1046 1765 d
1084 1725 1197 1766 etiam
1232 1725 1277 1766 fit
1310 1720 1520 1778 affy-:02

202 1787 287 1827 Hae
331 1788 423 1826 duae
465 1785 625 1825 vltimae
667 1788 917 1838 proprietates
960 1800 1030 1828 ceu
1073 1789 1277 1830 corollaria
1320 1789 1521 1843 sequuntur

204 1862 257 1888 ex
289 1850 476 1889 methodo
513 1862 626 1903 quam
662 1850 696 1897 §.
734 1849 806 1890 lv.
852 1851 1000 1903 primae
1040 1850 1307 1894 differt-ationis
1347 1853 1518 1894 adhibui-

203 1926 290 1952 mus
324 1925 394 1964 pro
427 1912 653 1952 inuenienda
686 1914 910 1966 aequatione
929 1915 975 1954 ad
993 1928 1147 1956 curnam
1174 1949 1185 1968 ,
1215 1917 1259 1958 ad
1279 1929 1392 1972 quam
1411 1917 1522 1960 lami-¹

203 1988 274 2018 nae
305 1975 343 2014 in
377 1977 485 2015 omni
519 1976 795 2019 oscillationum
836 1991 976 2031 genere
1010 1980 1265 2020 incuruantur.

327 2045 379 2085 5⁰.
437 2039 575 2079 Notari
628 2050 740 2080 etiam
792 2042 915 2094 potest
968 2050 979 2086 t
1004 2044 1176 2096 quamuis
1216 2044 1281 2084 ista
1323 2045 1522 2088 notatione

202 2113 284 2146 non
318 2111 471 2142 vtcmur
503 2103 544 2144 in
575 2102 837 2160 sequentibus)
883 2117 1055 2148 centrum
1098 2108 1288 2162 grauitatis
1321 2111 1437 2149 totius
1463 2110 1520 2148 la·

1393 2183 1522 2213 mma&
