2044 2735
509 135 599 183 362
666 128 752 173 DE
784 125 1114 174 GLANDVUS
1136 123 1473 172 RENALIBVS
1490 127 1821 173 EVSTACHH.

624 244 690 288 Sic
721 247 849 302 itaque
882 258 973 288 cum
1004 246 1149 300 ingenti
1181 247 1246 301 spe
1276 255 1434 289 conatus
1464 243 1639 299 fuissem,
1671 247 1818 290 dimen-

506 310 667 353 sionibus
686 343 696 362 ,
730 310 984 364 amplitudine
1006 342 1016 361 ,
1050 311 1118 351 fitu
1138 343 1148 362 ,
1181 310 1505 362 connexionibus,
1523 320 1563 350 et
1579 309 1721 362 forma,
1748 324 1821 365 qua

506 384 666 429 vterque
706 386 773 414 ren
806 374 1097 414 succenturiatus
1129 375 1312 428 spectatur
1331 407 1342 426 ,
1381 373 1529 428 picium
1569 375 1819 427 exprimere,

507 450 597 478 cum
635 438 764 478 omnis
800 439 949 490 genens
992 437 1087 478 vasis
1120 439 1220 491 apud
1253 439 1508 479 Anatomicos
1540 436 1721 477 haetenus
1752 439 1822 478 de-

504 503 676 555 scriptsu,
742 502 814 542 His
853 512 979 541 autem
1024 501 1123 542 haud
1161 513 1394 553 contentus,
1449 500 1592 541 annifiis
1640 499 1787 541 fuiffem
1809 534 1819 553 ,

507 565 695 606 circulim
735 565 923 618 quendam
963 565 1221 606 admirabilem
1261 566 1448 606 delineare
1469 597 1480 616 ,
1514 576 1632 618 quem
1675 565 1821 605 vascula

505 628 624 669 exilia
664 628 846 668 hactenus
865 661 876 680 ,
916 638 959 669 vt
992 630 1161 683 opinor,
1203 630 1326 670 minus
1365 628 1546 682 descripta
1566 661 1576 679 ,
1609 629 1820 670 incredibili

501 693 617 746 copia
661 693 899 742 efformare,
942 692 982 732 in
1014 693 1205 745 Vtriusque
1245 693 1350 733 sexus
1380 692 1648 742 cadaueribus,
1680 691 1821 746 fiiepius

502 755 720 810 comperi,
771 765 809 796 et
846 755 927 796 aliis
974 756 1149 798 ostendi:
1201 769 1345 810 nempe
1396 755 1494 796 festa
1543 764 1620 795 tam
1662 758 1823 797 anterius

503 832 623 872 quam
665 819 850 874 posterius
890 821 1013 860 tunica
1053 819 1205 873 adiposa
1237 820 1324 861 illos
1355 831 1463 860 renes
1493 819 1714 859 inuoluente
1734 853 1744 871 ,
1780 830 1821 861 et

501 883 670 924 detrasta
691 916 701 936 ,
743 897 765 924 e
801 892 888 922 toto
929 884 1009 923 eius
1048 884 1228 924 interiore
1271 884 1416 924 ambitu
1435 916 1445 935 ,
1478 882 1622 923 vascula
1656 884 1822 925 tenuisti-

505 959 572 987 ma
615 947 726 988 fibras
766 946 1059 1000 longitudinales
1098 947 1416 1001 repraesentantia
1464 959 1599 986 renum
1634 949 1819 990 exteriori

502 1010 829 1052 circumferentiae
877 1022 1025 1050 annexa
1047 1043 1058 1062 ,
1110 1020 1226 1065 vtque
1275 1023 1346 1065 per
1396 1007 1589 1064 processus
1644 1009 1816 1064 ciliares,

500 1074 739 1124 crystallinus
770 1083 809 1113 et
853 1085 949 1113 vuea
971 1104 983 1124 ‚
1024 1073 1072 1115 fic
1107 1087 1177 1128 per
1215 1075 1291 1114 iam
1325 1083 1539 1115 memorata
1579 1073 1726 1114 vascula
1758 1087 1813 1116 ra-

500 1136 637 1177 diatim
670 1136 870 1191 dispofita,
909 1137 1180 1178 membranam
1221 1137 1413 1191 adipolam
1454 1147 1495 1178 et
1527 1148 1632 1176 renes
1665 1136 1816 1179 succen-

498 1200 653 1242 turiatos
672 1232 683 1252 ‚
723 1213 745 1241 a
776 1199 930 1242 Diuino
980 1200 1135 1255 Opiflce
1171 1201 1376 1241 coniuncta
1418 1200 1496 1241 effe
1533 1201 1815 1243 animaduerti:

498 1263 608 1319 Quae
640 1264 787 1305 vascula
809 1296 821 1317 ,
854 1274 1037 1317 quantum
1071 1277 1147 1318 ego
1180 1263 1318 1319 assequi
1352 1263 1505 1318 pofl'um
1526 1297 1536 1316 ,
1569 1263 1668 1304 haud
1699 1265 1739 1304 in
1774 1278 1820 1305 v-

499 1339 593 1367 num
625 1337 804 1368 truncum
838 1339 1084 1370 communem
1120 1338 1260 1368 coeunt
1280 1360 1291 1381 ,
1325 1341 1460 1369 verum
1502 1341 1572 1382 per
1602 1327 1744 1381 smgula
1777 1338 1817 1369 et

496 1390 672 1432 distincta
713 1390 859 1433 orificia
878 1424 890 1443 ,
929 1403 1062 1432 renem
1101 1392 1344 1445 vndiquaque
1379 1390 1564 1445 ingressa,
1597 1392 1813 1445 fiinguinem

497 1462 543 1493 vt
575 1453 813 1495 vasculorum
852 1455 961 1496 color
991 1455 1212 1495 rubicundus
1244 1455 1387 1495 indicat
1406 1488 1416 1507 ,
1459 1456 1505 1496 ad
1540 1455 1646 1495 vsum
1682 1455 1815 1496 hacte-

494 1528 567 1557 nus
599 1517 727 1557 minus
754 1520 952 1570 cognitum
971 1550 982 1570 ,
1016 1518 1056 1559 in
1088 1519 1168 1558 eius
1197 1519 1402 1559 cauitatem
1445 1519 1649 1560 deuehunt.
1700 1519 1814 1560 quta

494 1580 680 1621 circulum
715 1581 966 1632 vascularem,
1000 1592 1156 1622 conatus
1186 1580 1334 1623 fuissem
1360 1582 1524 1622 formam
1540 1582 1779 1622 exteriorem
1800 1613 1812 1633 ,

492 1644 744 1696 frequentiam
764 1676 775 1694 ,
811 1654 852 1685 et
885 1657 1030 1684 nexum
1059 1658 1147 1685 cum
1182 1645 1257 1685 illis
1282 1646 1434 1685 renibus
1486 1658 1524 1684 1.
1557 1644 1810 1697 lymphaedu-

493 1705 626 1747 &uum
664 1719 704 1746 2.
735 1707 915 1747 fibrarum
950 1719 1174 1748 neruearum
1219 1723 1260 1758 3.
1300 1708 1461 1748 exilium
1495 1707 1551 1747 his
1584 1708 1810 1748 intericcro·

493 1781 579 1809 rum
623 1770 850 1811 nodulorum
891 1771 952 1809 seu
994 1779 1191 1811 tumorum
1239 1771 1552 1825 gaugliformium
1604 1770 1811 1826 perspicuis

493 1842 533 1874 et
566 1835 742 1874 accuratis
773 1833 938 1874 iconibus
969 1832 1163 1874 illustrare.

607 1898 675 1937 Ab
706 1897 899 1938 exteriore
941 1895 1069 1937 habitu
1110 1897 1265 1951 postea,
1308 1909 1383 1951 ego
1415 1909 1575 1951 operam
1618 1896 1718 1939 haud
1752 1898 1803 1939 se-

489 1971 553 2000 cus
586 1960 830 2001 contulifl‘cm
874 1962 911 2001 in
946 1960 1151 2013 peculiares
1180 1963 1335 2013 icones,
1369 1973 1465 2015 quae
1505 1961 1683 2002 videlicet
1717 1964 1804 2003 arti-

488 2022 621 2064 ficium
663 2025 766 2079 quod
809 2037 831 2065 a
864 2023 1011 2065 Diuino
1052 2024 1206 2079 Opifice
1247 2026 1401 2065 interius
1434 2024 1683 2065 constitutum
1723 2027 1805 2079 est,

486 2088 680 2146 praeclare
719 2088 960 2133 exhiberent.
1023 2090 1183 2148 Nempe
1230 2102 1266 2132 1.
1298 2089 1431 2132 Venae
1461 2089 1548 2131 illos
1578 2102 1689 2130 rencs
1719 2103 1808 2143 per-

1632 2163 1807 2196 meantes
