2044 2735
194 160 278 205 DE
307 158 654 205 GLANDVHS
671 159 968 207 RENALIBV
967 160 1000 204 S
1019 160 1349 207 EVSTACHII.
1415 163 1511 214 367

172 280 402 338 struma-am
435 275 701 334 obseruauimus
720 310 732 331 ,
765 292 859 334 quae
891 280 1023 322 omnia
1056 281 1202 335 opinor
1220 314 1231 334 ,
1266 283 1305 322 in
1337 295 1378 322 re
1411 281 1507 323 tanti

187 345 385 385 momenti
420 354 464 384 vt
496 345 580 384 sunt
609 356 717 385 renes
747 343 1031 395 succenturiati,
1073 347 1233 386 minime
1267 345 1506 386 fiitisfaciuut.

305 409 466 465 Quoties
502 409 578 461 ipse
610 409 647 449 in
684 407 861 461 plurimis
894 409 1138 448 cadaueribus
1164 409 1356 463 quaesiui,
1392 410 1508 450 toties

189 481 272 513 tam
308 486 329 512 a
365 472 559 525 principio
602 484 717 525 quam
752 472 881 525 postea
902 503 912 521 ,
953 471 1171 524 corpuscula
1212 473 1271 513 illa
1307 473 1509 526 peculiaria

187 549 208 576 a
244 549 310 576 ine
353 537 505 576 inuenta
549 534 661 585 sunt,
701 544 747 574 vt
788 547 925 575 omnes
966 536 1099 589 quibus
1141 548 1184 576 ea
1217 537 1474 577 demonstraui
1499 567 1511 580 ,

188 601 266 641 sine
314 600 390 640 vlla
441 599 680 639 dubitatione
726 596 803 638 fiiffi
845 597 960 651 sunt,
1004 610 1140 639 verum
1175 600 1273 640 circa
1309 599 1433 640 {edem
1467 609 1507 641 et

189 664 493 717 magnitudinem
533 674 555 701 a
585 661 740 702 laudatis
780 661 872 701 viris
903 661 1131 716 descriptam
1152 696 1162 714 ,
1205 664 1389 704 haetenus
1421 676 1508 704 nos-

189 738 269 767 trae
319 726 601 767 obseruationes
651 725 799 780 penitus
849 736 1094 780 repugnant:
1149 726 1208 768 Ita
1249 729 1352 768 enim
1393 740 1510 782 parua

187 790 272 832 sunt
312 800 352 831 et
394 791 541 831 minuta
561 823 572 841 ,
610 800 655 830 vt
696 789 762 829 vel
804 801 925 842 grano
968 790 1110 846 piperis
1143 792 1216 833 vix
1248 792 1400 833 maiora
1432 804 1510 834 vn-

188 867 307 911 quam
340 854 470 895 videre
501 854 603 895 milii
634 854 809 907 contigit.

310 917 473 960 Nomen
506 919 669 972 imposui
702 919 862 960 Renum
905 917 1267 961 succenturiatorum
1287 954 1299 973 ,
1333 931 1428 960 vero
1460 919 1510 962 fic

189 992 384 1036 cogente,
419 982 518 1023 secus
547 995 662 1036 quam
697 983 774 1036 ipse
806 995 828 1022 a
863 984 992 1037 primo
1028 984 1257 1037 imaginatus
1288 984 1352 1024 fui.
1405 983 1515 1041 Quid

191 1047 445 1089 similitudinis
476 1045 613 1099 quaeso
647 1047 746 1086 inter
779 1059 886 1087 renes
916 1048 1205 1088 succenturiatos
1236 1058 1275 1087 et
1309 1047 1408 1088 istius
1425 1060 1513 1089 mo-

190 1111 231 1152 di
265 1108 506 1163 corpuscula!
545 1109 650 1151 Nam
685 1109 836 1151 sortaffe
870 1110 994 1164 aliqua
1026 1110 1329 1152 communicatio
1360 1110 1424 1152 hic
1443 1123 1514 1165 po-

195 1174 263 1216 sita
311 1172 399 1214 est?
444 1173 555 1215 Num
598 1173 694 1213 facie
736 1184 930 1225 externa,
975 1187 1115 1229 nempe
1153 1173 1308 1226 sonna,
1349 1174 1516 1229 colore,

195 1237 462 1288 consistentia,
502 1238 760 1292 proportione
780 1271 791 1289 ‚
831 1248 870 1278 et
904 1238 1081 1292 peculiari
1116 1237 1266 1278 habitus
1298 1238 1516 1279 similitudi·

196 1314 245 1342 ne
286 1300 559 1343 conueniunt?
603 1300 707 1342 Mihi
743 1312 786 1342 vt
819 1314 954 1342 verum
989 1301 1102 1342 fittear
1122 1331 1133 1350 ‚
1175 1302 1380 1342 istiusmodi
1414 1302 1518 1344 simi·

196 1366 375 1407 litudines
417 1366 539 1406 nullae
573 1364 756 1406 haetenus
800 1366 1019 1419 perspectae
1051 1367 1160 1405 sunt:
1196 1366 1374 1418 quinimo
1408 1367 1518 1420 quic-

197 1431 289 1485 quid
329 1442 403 1482 ego
446 1440 558 1469 extra
598 1429 639 1469 in
681 1430 999 1483 praememoratis
1040 1430 1268 1482 corpusculis
1315 1429 1517 1470 obseruare

198 1493 310 1549 potui
329 1526 340 1546 ,
372 1493 489 1546 longe
519 1493 626 1533 aliter
657 1506 773 1547 quam
806 1494 845 1533 in
879 1493 1027 1533 renibus
1065 1493 1339 1534 succenturiatis
1360 1525 1371 1545 ‚
1407 1507 1429 1534 a
1448 1506 1518 1535 na·

200 1568 284 1599 tura
326 1556 549 1610 dispositum
592 1555 668 1597 effe
710 1559 889 1611 cognoui.
959 1555 1149 1597 Colorem
1194 1558 1317 1610 itaque
1348 1557 1517 1598 albican-

199 1631 314 1672 tem,
354 1620 596 1672 sublimium,
636 1633 680 1661 ac
725 1623 906 1675 pinguem
945 1631 985 1661 et
1017 1621 1208 1662 laxiorem
1249 1622 1518 1674 substantiam,

198 1685 556 1727 succenturiatorum
618 1685 777 1726 similem
831 1685 928 1725 haud
965 1684 1168 1736 obtinent,
1224 1697 1361 1726 verum
1414 1685 1521 1726 simi-

199 1748 227 1790 li
261 1763 303 1790 ac
335 1749 375 1788 in
411 1749 509 1789 veris
543 1749 713 1790 Renibus
746 1749 1017 1789 constitutione
1058 1749 1189 1789 colore
1220 1758 1259 1788 et
1292 1749 1520 1803 substantia,

200 1822 313 1854 extra
358 1812 525 1866 praedita
562 1811 657 1853 sunt.
727 1813 877 1854 Eorum
926 1811 1140 1865 superficies
1191 1810 1291 1854 haud
1332 1812 1442 1867 plana
1476 1821 1519 1854 et

201 1873 377 1929 depreffa
409 1885 455 1915 vt
488 1877 661 1930 placenta
679 1910 688 1928 ,
725 1877 786 1917 sed
819 1877 996 1931 vtrinque
1037 1887 1213 1916 connexa
1252 1886 1293 1917 et
1327 1877 1521 1919 lenticula-

204 1940 266 1980 ris.
335 1939 374 1978 A
405 1950 542 1980 renum
573 1950 736 1994 vtroque
775 1953 914 1994 genere
953 1940 1191 1993 discrepant,
1224 1941 1364 1993 partim
1406 1953 1520 1995 pecu-

205 2002 289 2044 liari
330 2002 477 2042 tametsi
521 2005 627 2043 varia
667 2004 786 2057 figura
811 2038 822 2057 ,
859 2016 1002 2058 nempe
1042 2003 1242 2057 aliquando
1274 2003 1442 2044 circulari
1475 2012 1522 2043 vt

207 2066 331 2120 pisum
352 2097 363 2116 ,
404 2065 604 2118 aliquando
644 2069 761 2109 etiam
795 2069 961 2122 elliptica
991 2077 1032 2108 et
1065 2077 1231 2120 vtroque
1266 2077 1447 2107 extremo
1478 2077 1520 2106 a·

205 2129 401 2172 caminata
438 2137 484 2170 vt
523 2129 651 2171 semen
690 2131 787 2173 lini:
828 2132 973 2188 partim
1005 2142 1174 2173 numero
1204 2142 1341 2173 renum
1373 2129 1519 2170 succen-

1365 2202 1525 2235 (nuato--
