<?xml version="1.0" encoding="UTF-8"?>
<!DOCTYPE html PUBLIC "-//W3C//DTD XHTML 1.0 Transitional//EN"
    "http://www.w3.org/TR/xhtml1/DTD/xhtml1-transitional.dtd">
<html xmlns="http://www.w3.org/1999/xhtml" xml:lang="en" lang="en">
 <head>
  <title>
</title>
<meta http-equiv="Content-Type" content="text/html;charset=utf-8" />
  <meta name='ocr-system' content='tesseract 3.04.00' />
  <meta name='ocr-capabilities' content='ocr_page ocr_carea ocr_par ocr_line ocrx_word'/>
</head>
<body>
  <div class='ocr_page' id='page_1' title='image "./commentariiacade13impe/commentariiacade13impe_0275.png"; bbox 0 0 2044 2735; ppageno 0'>
   <div class='ocr_carea' id='block_1_1' title="bbox 410 96 1523 155">
    <p class='ocr_par' dir='ltr' id='par_1_1' title="bbox 410 96 1523 155">
     <span class='ocr_line' id='line_1_1' title="bbox 410 96 1523 155; baseline -0.006 -5"><span class='ocrx_word' id='word_1_1' title='bbox 410 106 494 150; x_wconf 80' lang='lat' dir='ltr'>DE</span> <span class='ocrx_word' id='word_1_2' title='bbox 527 101 871 150; x_wconf 69' lang='lat' dir='ltr'>oRfflTAWM</span> <span class='ocrx_word' id='word_1_3' title='bbox 912 96 1300 148; x_wconf 75' lang='lat' dir='ltr'>APPARENT&#39;HS</span> <span class='ocrx_word' id='word_1_4' title='bbox 1434 108 1523 155; x_wconf 79' lang='lat'>267</span> 
     </span>
    </p>
   </div>
   <div class='ocr_carea' id='block_1_2' title="bbox 207 217 1540 2170">
    <p class='ocr_par' dir='ltr' id='par_1_2' title="bbox 207 217 1535 1277">
     <span class='ocr_line' id='line_1_2' title="bbox 327 217 1529 274; baseline -0.001 -15"><span class='ocrx_word' id='word_1_5' title='bbox 327 233 364 260; x_wconf 64' lang='grc' dir='ltr'>ε.</span> <span class='ocrx_word' id='word_1_6' title='bbox 421 223 567 261; x_wconf 80' lang='lat' dir='ltr'>Tantus</span> <span class='ocrx_word' id='word_1_7' title='bbox 615 221 803 260; x_wconf 86' lang='lat' dir='ltr'>eiusmodi</span> <span class='ocrx_word' id='word_1_8' title='bbox 858 219 1168 274; x_wconf 81' lang='lat' dir='ltr'>apparentiarum</span> <span class='ocrx_word' id='word_1_9' title='bbox 1208 231 1276 273; x_wconf 85' lang='lat' dir='ltr'>per</span> <span class='ocrx_word' id='word_1_10' title='bbox 1310 227 1431 260; x_wconf 88' lang='lat' dir='ltr'>totam</span> <span class='ocrx_word' id='word_1_11' title='bbox 1451 217 1529 259; x_wconf 90' lang='lat' dir='ltr'>fere</span> 
     </span>
     <span class='ocr_line' id='line_1_3' title="bbox 207 283 1530 334; baseline -0.002 -9"><span class='ocrx_word' id='word_1_12' title='bbox 207 283 496 326; x_wconf 70' lang='lat' dir='ltr'>Astrouomiam</span> <span class='ocrx_word' id='word_1_13' title='bbox 531 285 615 325; x_wconf 68' lang='lat' dir='ltr'>vsus</span> <span class='ocrx_word' id='word_1_14' title='bbox 651 285 909 325; x_wconf 79' lang='lat' dir='ltr'>exstinmlauit</span> <span class='ocrx_word' id='word_1_15' title='bbox 948 284 1123 323; x_wconf 86' lang='lat' dir='ltr'>animum</span> <span class='ocrx_word' id='word_1_16' title='bbox 1146 314 1158 334; x_wconf 91' lang='lat'>,</span> <span class='ocrx_word' id='word_1_17' title='bbox 1203 283 1286 323; x_wconf 80' lang='lat' dir='ltr'>istas</span> <span class='ocrx_word' id='word_1_18' title='bbox 1318 283 1530 324; x_wconf 87' lang='lat' dir='ltr'>euidentio-</span> 
     </span>
     <span class='ocr_line' id='line_1_4' title="bbox 208 345 1529 402; baseline 0 -14"><span class='ocrx_word' id='word_1_19' title='bbox 208 362 240 388; x_wconf 88' lang='grc'>11</span> <span class='ocrx_word' id='word_1_20' title='bbox 288 358 326 387; x_wconf 71' lang='lat' dir='ltr'>ct</span> <span class='ocrx_word' id='word_1_21' title='bbox 367 350 545 402; x_wconf 88' lang='lat' dir='ltr'>ampliori</span> <span class='ocrx_word' id='word_1_22' title='bbox 584 349 707 388; x_wconf 89' lang='lat' dir='ltr'>modo</span> <span class='ocrx_word' id='word_1_23' title='bbox 729 380 740 398; x_wconf 90' lang='lat'>,</span> <span class='ocrx_word' id='word_1_24' title='bbox 781 361 823 389; x_wconf 86' lang='lat' dir='ltr'>ac</span> <span class='ocrx_word' id='word_1_25' title='bbox 864 347 1047 387; x_wconf 72' lang='lat' dir='ltr'>hactenns</span> <span class='ocrx_word' id='word_1_26' title='bbox 1088 347 1231 387; x_wconf 67' lang='lat' dir='ltr'>filetum</span> <span class='ocrx_word' id='word_1_27' title='bbox 1273 345 1346 387; x_wconf 82' lang='lat' dir='ltr'>effe</span> <span class='ocrx_word' id='word_1_28' title='bbox 1379 348 1529 401; x_wconf 83' lang='lat' dir='ltr'>credo,</span> 
     </span>
     <span class='ocr_line' id='line_1_5' title="bbox 209 410 1534 466; baseline 0 -15"><span class='ocrx_word' id='word_1_29' title='bbox 209 422 392 466; x_wconf 87' lang='lat' dir='ltr'>quantum</span> <span class='ocrx_word' id='word_1_30' title='bbox 427 426 500 466; x_wconf 88' lang='lat' dir='ltr'>pro</span> <span class='ocrx_word' id='word_1_31' title='bbox 533 411 672 453; x_wconf 82' lang='lat' dir='ltr'>viribus</span> <span class='ocrx_word' id='word_1_32' title='bbox 704 412 821 463; x_wconf 85' lang='lat' dir='ltr'>licet,</span> <span class='ocrx_word' id='word_1_33' title='bbox 855 410 1130 463; x_wconf 79' lang='lat' dir='ltr'>examinandi,</span> <span class='ocrx_word' id='word_1_34' title='bbox 1164 411 1211 450; x_wconf 85' lang='lat' dir='ltr'>ad</span> <span class='ocrx_word' id='word_1_35' title='bbox 1243 410 1436 451; x_wconf 89' lang='lat' dir='ltr'>calculum</span> <span class='ocrx_word' id='word_1_36' title='bbox 1470 424 1534 451; x_wconf 89' lang='lat' dir='ltr'>re-</span> 
     </span>
     <span class='ocr_line' id='line_1_6' title="bbox 210 474 1533 517; baseline 0 -2"><span class='ocrx_word' id='word_1_37' title='bbox 210 478 372 515; x_wconf 68' lang='lat' dir='ltr'>vocandi</span> <span class='ocrx_word' id='word_1_38' title='bbox 416 486 454 516; x_wconf 90' lang='lat' dir='ltr'>et</span> <span class='ocrx_word' id='word_1_39' title='bbox 489 478 534 517; x_wconf 87' lang='lat' dir='ltr'>ad</span> <span class='ocrx_word' id='word_1_40' title='bbox 570 476 678 516; x_wconf 71' lang='lat' dir='ltr'>vium</span> <span class='ocrx_word' id='word_1_41' title='bbox 720 475 1035 514; x_wconf 86' lang='lat' dir='ltr'>Astronomicum</span> <span class='ocrx_word' id='word_1_42' title='bbox 1079 474 1409 514; x_wconf 88' lang='lat' dir='ltr'>accommodandi.</span> <span class='ocrx_word' id='word_1_43' title='bbox 1477 476 1533 516; x_wconf 93' lang='lat' dir='ltr'>Vt</span> 
     </span>
     <span class='ocr_line' id='line_1_7' title="bbox 211 537 1531 592; baseline 0 -14"><span class='ocrx_word' id='word_1_44' title='bbox 211 541 454 592; x_wconf 78' lang='lat' dir='ltr'>propositum</span> <span class='ocrx_word' id='word_1_45' title='bbox 489 539 565 579; x_wconf 87' lang='lat' dir='ltr'>hoc</span> <span class='ocrx_word' id='word_1_46' title='bbox 584 539 755 592; x_wconf 86' lang='lat' dir='ltr'>legitime</span> <span class='ocrx_word' id='word_1_47' title='bbox 774 549 1041 590; x_wconf 79' lang='lat' dir='ltr'>exequamur,</span> <span class='ocrx_word' id='word_1_48' title='bbox 1075 549 1315 590; x_wconf 83' lang='lat' dir='ltr'>exponemus</span> <span class='ocrx_word' id='word_1_49' title='bbox 1348 537 1531 591; x_wconf 85' lang='lat' dir='ltr'>primum,</span> 
     </span>
     <span class='ocr_line' id='line_1_8' title="bbox 212 599 1534 656; baseline 0 -15"><span class='ocrx_word' id='word_1_50' title='bbox 212 603 300 655; x_wconf 84' lang='lat' dir='ltr'>quid</span> <span class='ocrx_word' id='word_1_51' title='bbox 345 616 413 656; x_wconf 90' lang='lat' dir='ltr'>per</span> <span class='ocrx_word' id='word_1_52' title='bbox 455 603 620 653; x_wconf 81' lang='lat' dir='ltr'>orbitas,</span> <span class='ocrx_word' id='word_1_53' title='bbox 663 613 871 654; x_wconf 87' lang='lat' dir='ltr'>earumque</span> <span class='ocrx_word' id='word_1_54' title='bbox 911 600 1150 653; x_wconf 76' lang='lat' dir='ltr'>apparenti-as</span> <span class='ocrx_word' id='word_1_55' title='bbox 1191 599 1403 653; x_wconf 86' lang='lat' dir='ltr'>intelligere</span> <span class='ocrx_word' id='word_1_56' title='bbox 1435 603 1534 641; x_wconf 85' lang='lat' dir='ltr'>veli·</span> 
     </span>
     <span class='ocr_line' id='line_1_9' title="bbox 212 663 1530 718; baseline 0.001 -13"><span class='ocrx_word' id='word_1_57' title='bbox 212 679 322 718; x_wconf 82' lang='lat' dir='ltr'>mus;</span> <span class='ocrx_word' id='word_1_58' title='bbox 358 665 493 705; x_wconf 90' lang='lat' dir='ltr'>deinde</span> <span class='ocrx_word' id='word_1_59' title='bbox 525 665 791 718; x_wconf 79' lang='lat' dir='ltr'>apparentiam</span> <span class='ocrx_word' id='word_1_60' title='bbox 825 664 970 704; x_wconf 81' lang='lat' dir='ltr'>orbitae</span> <span class='ocrx_word' id='word_1_61' title='bbox 1005 663 1050 703; x_wconf 90' lang='lat' dir='ltr'>ad</span> <span class='ocrx_word' id='word_1_62' title='bbox 1083 663 1368 718; x_wconf 63' lang='lat' dir='ltr'>proiectionem</span> <span class='ocrx_word' id='word_1_63' title='bbox 1397 665 1530 706; x_wconf 88' lang='lat' dir='ltr'>circuli</span> 
     </span>
     <span class='ocr_line' id='line_1_10' title="bbox 211 727 1528 782; baseline 0.001 -14"><span class='ocrx_word' id='word_1_64' title='bbox 211 729 251 768; x_wconf 87' lang='lat' dir='ltr'>in</span> <span class='ocrx_word' id='word_1_65' title='bbox 286 730 442 782; x_wconf 90' lang='lat' dir='ltr'>planum</span> <span class='ocrx_word' id='word_1_66' title='bbox 482 729 672 780; x_wconf 82' lang='lat' dir='ltr'>positione</span> <span class='ocrx_word' id='word_1_67' title='bbox 712 728 846 768; x_wconf 87' lang='lat' dir='ltr'>datum</span> <span class='ocrx_word' id='word_1_68' title='bbox 888 727 1068 768; x_wconf 81' lang='lat' dir='ltr'>reducere</span> <span class='ocrx_word' id='word_1_69' title='bbox 1109 737 1149 767; x_wconf 92' lang='lat' dir='ltr'>et</span> <span class='ocrx_word' id='word_1_70' title='bbox 1182 727 1293 767; x_wconf 86' lang='lat' dir='ltr'>huius</span> <span class='ocrx_word' id='word_1_71' title='bbox 1333 727 1528 769; x_wconf 90' lang='lat' dir='ltr'>theoriam</span> 
     </span>
     <span class='ocr_line' id='line_1_11' title="bbox 212 791 1527 847; baseline 0.002 -15"><span class='ocrx_word' id='word_1_72' title='bbox 212 805 287 846; x_wconf 90' lang='lat' dir='ltr'>pro</span> <span class='ocrx_word' id='word_1_73' title='bbox 321 792 439 845; x_wconf 84' lang='lat' dir='ltr'>scopo</span> <span class='ocrx_word' id='word_1_74' title='bbox 472 792 603 832; x_wconf 88' lang='lat' dir='ltr'>nostro</span> <span class='ocrx_word' id='word_1_75' title='bbox 636 791 852 844; x_wconf 78' lang='lat' dir='ltr'>generalem</span> <span class='ocrx_word' id='word_1_76' title='bbox 885 791 1031 832; x_wconf 89' lang='lat' dir='ltr'>tradere</span> <span class='ocrx_word' id='word_1_77' title='bbox 1064 791 1354 831; x_wconf 78' lang='lat' dir='ltr'>allaborabimus</span> <span class='ocrx_word' id='word_1_78' title='bbox 1373 824 1384 844; x_wconf 89' lang='lat'>‚</span> <span class='ocrx_word' id='word_1_79' title='bbox 1417 804 1527 847; x_wconf 81' lang='lat' dir='ltr'>quae,</span> 
     </span>
     <span class='ocr_line' id='line_1_12' title="bbox 212 855 1518 909; baseline 0.002 -14"><span class='ocrx_word' id='word_1_80' title='bbox 212 868 301 895; x_wconf 90' lang='lat' dir='ltr'>cum</span> <span class='ocrx_word' id='word_1_81' title='bbox 343 857 528 909; x_wconf 81' lang='lat' dir='ltr'>supponat</span> <span class='ocrx_word' id='word_1_82' title='bbox 569 856 714 895; x_wconf 88' lang='lat' dir='ltr'>orbitae</span> <span class='ocrx_word' id='word_1_83' title='bbox 746 856 917 909; x_wconf 64' lang='lat' dir='ltr'>respctau</span> <span class='ocrx_word' id='word_1_84' title='bbox 958 855 1057 896; x_wconf 84' lang='lat' dir='ltr'>oculi</span> <span class='ocrx_word' id='word_1_85' title='bbox 1090 855 1322 909; x_wconf 78' lang='lat' dir='ltr'>positionem</span> <span class='ocrx_word' id='word_1_86' title='bbox 1345 888 1356 907; x_wconf 86' lang='lat'>‚</span> <span class='ocrx_word' id='word_1_87' title='bbox 1390 857 1518 898; x_wconf 75' lang='lat' dir='ltr'>anfiim</span> 
     </span>
     <span class='ocr_line' id='line_1_13' title="bbox 211 918 1533 973; baseline 0.002 -15"><span class='ocrx_word' id='word_1_88' title='bbox 211 919 313 959; x_wconf 88' lang='lat' dir='ltr'>dabit</span> <span class='ocrx_word' id='word_1_89' title='bbox 347 920 561 973; x_wconf 87' lang='lat' dir='ltr'>inquirendi</span> <span class='ocrx_word' id='word_1_90' title='bbox 594 919 835 960; x_wconf 79' lang='lat' dir='ltr'>conditiones</span> <span class='ocrx_word' id='word_1_91' title='bbox 869 919 1067 973; x_wconf 77' lang='lat' dir='ltr'>positionis</span> <span class='ocrx_word' id='word_1_92' title='bbox 1100 919 1247 958; x_wconf 79' lang='lat' dir='ltr'>orbitae</span> <span class='ocrx_word' id='word_1_93' title='bbox 1277 918 1448 972; x_wconf 72' lang='lat' dir='ltr'>respec‘tu</span> <span class='ocrx_word' id='word_1_94' title='bbox 1482 932 1533 960; x_wconf 78' lang='lat' dir='ltr'>o·</span> 
     </span>
     <span class='ocr_line' id='line_1_14' title="bbox 209 981 1531 1038; baseline 0.002 -16"><span class='ocrx_word' id='word_1_95' title='bbox 209 983 285 1022; x_wconf 86' lang='lat' dir='ltr'>culi</span> <span class='ocrx_word' id='word_1_96' title='bbox 337 983 487 1037; x_wconf 87' lang='lat' dir='ltr'>eiusque</span> <span class='ocrx_word' id='word_1_97' title='bbox 528 983 762 1023; x_wconf 83' lang='lat' dir='ltr'>variationes</span> <span class='ocrx_word' id='word_1_98' title='bbox 795 995 846 1023; x_wconf 83' lang='lat' dir='ltr'>ex</span> <span class='ocrx_word' id='word_1_99' title='bbox 879 981 1163 1023; x_wconf 79' lang='lat' dir='ltr'>conditionibus</span> <span class='ocrx_word' id='word_1_100' title='bbox 1196 991 1374 1023; x_wconf 89' lang='lat' dir='ltr'>motuum</span> <span class='ocrx_word' id='word_1_101' title='bbox 1395 1015 1406 1034; x_wconf 90' lang='lat'>‚</span> <span class='ocrx_word' id='word_1_102' title='bbox 1447 984 1531 1038; x_wconf 86' lang='lat' dir='ltr'>qui-</span> 
     </span>
     <span class='ocr_line' id='line_1_15' title="bbox 212 1045 1531 1099; baseline 0 -12"><span class='ocrx_word' id='word_1_103' title='bbox 212 1047 280 1087; x_wconf 86' lang='lat' dir='ltr'>bus</span> <span class='ocrx_word' id='word_1_104' title='bbox 310 1047 372 1087; x_wconf 77' lang='lat' dir='ltr'>vel</span> <span class='ocrx_word' id='word_1_105' title='bbox 403 1047 533 1087; x_wconf 89' lang='lat' dir='ltr'>oculus</span> <span class='ocrx_word' id='word_1_106' title='bbox 573 1048 672 1087; x_wconf 89' lang='lat' dir='ltr'>circa</span> <span class='ocrx_word' id='word_1_107' title='bbox 706 1047 874 1087; x_wconf 83' lang='lat' dir='ltr'>orbitam</span> <span class='ocrx_word' id='word_1_108' title='bbox 895 1079 906 1098; x_wconf 88' lang='lat'>,</span> <span class='ocrx_word' id='word_1_109' title='bbox 949 1048 1013 1086; x_wconf 82' lang='lat' dir='ltr'>vel</span> <span class='ocrx_word' id='word_1_110' title='bbox 1046 1045 1170 1085; x_wconf 86' lang='lat' dir='ltr'>orbita</span> <span class='ocrx_word' id='word_1_111' title='bbox 1210 1046 1309 1086; x_wconf 84' lang='lat' dir='ltr'>circa</span> <span class='ocrx_word' id='word_1_112' title='bbox 1341 1045 1498 1087; x_wconf 90' lang='lat' dir='ltr'>oculum</span> <span class='ocrx_word' id='word_1_113' title='bbox 1518 1080 1531 1099; x_wconf 86' lang='lat'><strong>,</strong></span> 
     </span>
     <span class='ocr_line' id='line_1_16' title="bbox 214 1110 1531 1161; baseline 0 -11"><span class='ocrx_word' id='word_1_114' title='bbox 214 1111 280 1150; x_wconf 69' lang='lat' dir='ltr'>vel</span> <span class='ocrx_word' id='word_1_115' title='bbox 314 1111 447 1150; x_wconf 85' lang='lat' dir='ltr'>oculus</span> <span class='ocrx_word' id='word_1_116' title='bbox 487 1121 525 1150; x_wconf 90' lang='lat' dir='ltr'>et</span> <span class='ocrx_word' id='word_1_117' title='bbox 557 1111 681 1150; x_wconf 85' lang='lat' dir='ltr'>orbita</span> <span class='ocrx_word' id='word_1_118' title='bbox 724 1110 833 1150; x_wconf 80' lang='lat' dir='ltr'>simul</span> <span class='ocrx_word' id='word_1_119' title='bbox 865 1119 967 1149; x_wconf 87' lang='lat' dir='ltr'>certa</span> <span class='ocrx_word' id='word_1_120' title='bbox 1008 1110 1092 1161; x_wconf 85' lang='lat' dir='ltr'>lege</span> <span class='ocrx_word' id='word_1_121' title='bbox 1125 1111 1222 1149; x_wconf 88' lang='lat' dir='ltr'>circa</span> <span class='ocrx_word' id='word_1_122' title='bbox 1257 1118 1431 1150; x_wconf 85' lang='lat' dir='ltr'>centrum</span> <span class='ocrx_word' id='word_1_123' title='bbox 1464 1111 1531 1150; x_wconf 85' lang='lat' dir='ltr'>ali-</span> 
     </span>
     <span class='ocr_line' id='line_1_17' title="bbox 216 1173 1535 1227; baseline 0.002 -15"><span class='ocrx_word' id='word_1_124' title='bbox 216 1174 320 1226; x_wconf 86' lang='lat' dir='ltr'>quod</span> <span class='ocrx_word' id='word_1_125' title='bbox 353 1186 563 1214; x_wconf 88' lang='lat' dir='ltr'>commune</span> <span class='ocrx_word' id='word_1_126' title='bbox 596 1173 793 1226; x_wconf 75' lang='lat' dir='ltr'>feruntur3</span> <span class='ocrx_word' id='word_1_127' title='bbox 829 1185 906 1227; x_wconf 90' lang='lat' dir='ltr'>quo</span> <span class='ocrx_word' id='word_1_128' title='bbox 937 1174 1094 1213; x_wconf 88' lang='lat' dir='ltr'>demum</span> <span class='ocrx_word' id='word_1_129' title='bbox 1139 1173 1257 1225; x_wconf 65' lang='lat' dir='ltr'>pacto</span> <span class='ocrx_word' id='word_1_130' title='bbox 1289 1173 1535 1216; x_wconf 81' lang='lat' dir='ltr'>confiderati-</span> 
     </span>
     <span class='ocr_line' id='line_1_18' title="bbox 216 1236 1221 1277; baseline 0 -2"><span class='ocrx_word' id='word_1_131' title='bbox 216 1238 301 1276; x_wconf 89' lang='grc'><strong>01115</strong></span> <span class='ocrx_word' id='word_1_132' title='bbox 334 1238 480 1277; x_wconf 85' lang='lat' dir='ltr'>nostrae</span> <span class='ocrx_word' id='word_1_133' title='bbox 515 1236 597 1276; x_wconf 71' lang='lat' dir='ltr'>vsus</span> <span class='ocrx_word' id='word_1_134' title='bbox 630 1238 669 1276; x_wconf 89' lang='lat' dir='ltr'>in</span> <span class='ocrx_word' id='word_1_135' title='bbox 705 1236 955 1277; x_wconf 81' lang='lat' dir='ltr'>Astronomia</span> <span class='ocrx_word' id='word_1_136' title='bbox 998 1236 1221 1277; x_wconf 79' lang='lat' dir='ltr'>innotescet.</span> 
     </span>
    </p>

    <p class='ocr_par' dir='ltr' id='par_1_3' title="bbox 218 1299 1540 2118">
     <span class='ocr_line' id='line_1_19' title="bbox 334 1299 1534 1355; baseline 0.005 -16"><span class='ocrx_word' id='word_1_137' title='bbox 334 1314 375 1350; x_wconf 84' lang='lat'>3.</span> <span class='ocrx_word' id='word_1_138' title='bbox 419 1301 600 1351; x_wconf 85' lang='lat' dir='ltr'>Orbitas,</span> <span class='ocrx_word' id='word_1_139' title='bbox 651 1313 740 1354; x_wconf 87' lang='lat' dir='ltr'>quas</span> <span class='ocrx_word' id='word_1_140' title='bbox 778 1312 944 1354; x_wconf 87' lang='lat' dir='ltr'>corpora</span> <span class='ocrx_word' id='word_1_141' title='bbox 991 1300 1170 1340; x_wconf 84' lang='lat' dir='ltr'>coelestia</span> <span class='ocrx_word' id='word_1_142' title='bbox 1210 1299 1453 1355; x_wconf 84' lang='lat' dir='ltr'>describunt,</span> <span class='ocrx_word' id='word_1_143' title='bbox 1492 1311 1534 1345; x_wconf 90' lang='lat' dir='ltr'>et</span> 
     </span>
     <span class='ocr_line' id='line_1_20' title="bbox 218 1363 1536 1419; baseline 0.003 -16"><span class='ocrx_word' id='word_1_144' title='bbox 218 1377 376 1417; x_wconf 85' lang='lat' dir='ltr'>quarum</span> <span class='ocrx_word' id='word_1_145' title='bbox 409 1365 646 1418; x_wconf 81' lang='lat' dir='ltr'>apparenti-as</span> <span class='ocrx_word' id='word_1_146' title='bbox 677 1365 895 1417; x_wconf 83' lang='lat' dir='ltr'>inuestigare</span> <span class='ocrx_word' id='word_1_147' title='bbox 930 1363 1134 1415; x_wconf 82' lang='lat' dir='ltr'>volumus,</span> <span class='ocrx_word' id='word_1_148' title='bbox 1169 1364 1209 1404; x_wconf 90' lang='lat' dir='ltr'>in</span> <span class='ocrx_word' id='word_1_149' title='bbox 1252 1364 1330 1404; x_wconf 90' lang='lat' dir='ltr'>hoc</span> <span class='ocrx_word' id='word_1_150' title='bbox 1372 1367 1536 1419; x_wconf 87' lang='lat' dir='ltr'>negotio</span> 
     </span>
     <span class='ocr_line' id='line_1_21' title="bbox 219 1427 1536 1482; baseline 0.002 -15"><span class='ocrx_word' id='word_1_151' title='bbox 219 1429 413 1468; x_wconf 76' lang='lat' dir='ltr'>circulares</span> <span class='ocrx_word' id='word_1_152' title='bbox 462 1440 598 1468; x_wconf 81' lang='lat' dir='ltr'>omnes</span> <span class='ocrx_word' id='word_1_153' title='bbox 640 1427 918 1481; x_wconf 82' lang='lat' dir='ltr'>supponimus;</span> <span class='ocrx_word' id='word_1_154' title='bbox 962 1438 1002 1468; x_wconf 90' lang='lat' dir='ltr'>et</span> <span class='ocrx_word' id='word_1_155' title='bbox 1042 1440 1132 1468; x_wconf 88' lang='lat' dir='ltr'>cum</span> <span class='ocrx_word' id='word_1_156' title='bbox 1174 1428 1294 1468; x_wconf 82' lang='lat' dir='ltr'>etiam</span> <span class='ocrx_word' id='word_1_157' title='bbox 1346 1429 1536 1482; x_wconf 84' lang='lat' dir='ltr'>circulos,</span> 
     </span>
     <span class='ocr_line' id='line_1_22' title="bbox 219 1491 1534 1545; baseline 0.003 -15"><span class='ocrx_word' id='word_1_158' title='bbox 219 1493 282 1544; x_wconf 89' lang='lat' dir='ltr'>qui</span> <span class='ocrx_word' id='word_1_159' title='bbox 326 1493 363 1531; x_wconf 90' lang='lat' dir='ltr'>in</span> <span class='ocrx_word' id='word_1_160' title='bbox 406 1492 529 1544; x_wconf 84' lang='lat' dir='ltr'>globis</span> <span class='ocrx_word' id='word_1_161' title='bbox 571 1492 811 1544; x_wconf 90' lang='lat' dir='ltr'>planetarum</span> <span class='ocrx_word' id='word_1_162' title='bbox 853 1492 956 1532; x_wconf 63' lang='lat' dir='ltr'>ducii</span> <span class='ocrx_word' id='word_1_163' title='bbox 997 1491 1221 1545; x_wconf 83' lang='lat' dir='ltr'>finguntur,</span> <span class='ocrx_word' id='word_1_164' title='bbox 1263 1491 1338 1532; x_wconf 90' lang='lat' dir='ltr'>huc</span> <span class='ocrx_word' id='word_1_165' title='bbox 1382 1493 1534 1534; x_wconf 83' lang='lat' dir='ltr'>trahere</span> 
     </span>
     <span class='ocr_line' id='line_1_23' title="bbox 221 1555 1536 1609; baseline 0.002 -15"><span class='ocrx_word' id='word_1_166' title='bbox 221 1555 414 1606; x_wconf 73' lang='lat' dir='ltr'>velimus⁷</span> <span class='ocrx_word' id='word_1_167' title='bbox 458 1569 525 1609; x_wconf 84' lang='lat' dir='ltr'>per</span> <span class='ocrx_word' id='word_1_168' title='bbox 565 1557 721 1596; x_wconf 74' lang='lat' dir='ltr'>orbitam</span> <span class='ocrx_word' id='word_1_169' title='bbox 761 1556 1019 1608; x_wconf 85' lang='lat' dir='ltr'>intelligemus</span> <span class='ocrx_word' id='word_1_170' title='bbox 1058 1555 1230 1609; x_wconf 78' lang='lat' dir='ltr'>quemuis</span> <span class='ocrx_word' id='word_1_171' title='bbox 1267 1556 1449 1597; x_wconf 88' lang='lat' dir='ltr'>circulum</span> <span class='ocrx_word' id='word_1_172' title='bbox 1494 1557 1536 1597; x_wconf 89' lang='lat' dir='ltr'>in</span> 
     </span>
     <span class='ocr_line' id='line_1_24' title="bbox 219 1618 1534 1673; baseline 0.002 -15"><span class='ocrx_word' id='word_1_173' title='bbox 219 1619 416 1670; x_wconf 79' lang='lat' dir='ltr'>systemate</span> <span class='ocrx_word' id='word_1_174' title='bbox 453 1620 582 1660; x_wconf 87' lang='lat' dir='ltr'>nostro</span> <span class='ocrx_word' id='word_1_175' title='bbox 615 1619 848 1672; x_wconf 75' lang='lat' dir='ltr'>planet-ario,</span> <span class='ocrx_word' id='word_1_176' title='bbox 881 1621 943 1673; x_wconf 91' lang='lat' dir='ltr'>qui</span> <span class='ocrx_word' id='word_1_177' title='bbox 961 1620 1067 1660; x_wconf 80' lang='lat' dir='ltr'>situm</span> <span class='ocrx_word' id='word_1_178' title='bbox 1101 1619 1206 1659; x_wconf 92' lang='lat' dir='ltr'>suum</span> <span class='ocrx_word' id='word_1_179' title='bbox 1225 1618 1398 1672; x_wconf 71' lang='lat' dir='ltr'>respectu</span> <span class='ocrx_word' id='word_1_180' title='bbox 1434 1620 1534 1660; x_wconf 82' lang='lat' dir='ltr'>fixa-</span> 
     </span>
     <span class='ocr_line' id='line_1_25' title="bbox 220 1683 1534 1736; baseline 0 -14"><span class='ocrx_word' id='word_1_181' title='bbox 220 1696 305 1723; x_wconf 88' lang='lat' dir='ltr'>rum</span> <span class='ocrx_word' id='word_1_182' title='bbox 357 1683 548 1723; x_wconf 79' lang='lat' dir='ltr'>conseiuat</span> <span class='ocrx_word' id='word_1_183' title='bbox 602 1683 665 1723; x_wconf 67' lang='lat' dir='ltr'>vel</span> <span class='ocrx_word' id='word_1_184' title='bbox 714 1684 933 1724; x_wconf 77' lang='lat' dir='ltr'>conseruare</span> <span class='ocrx_word' id='word_1_185' title='bbox 986 1684 1079 1736; x_wconf 91' lang='lat' dir='ltr'>poni</span> <span class='ocrx_word' id='word_1_186' title='bbox 1133 1683 1290 1736; x_wconf 88' lang='lat' dir='ltr'>potest,</span> <span class='ocrx_word' id='word_1_187' title='bbox 1339 1683 1415 1724; x_wconf 86' lang='lat' dir='ltr'>ssue</span> <span class='ocrx_word' id='word_1_188' title='bbox 1465 1685 1534 1725; x_wconf 88' lang='lat' dir='ltr'>iste</span> 
     </span>
     <span class='ocr_line' id='line_1_26' title="bbox 222 1746 1538 1802; baseline 0.002 -17"><span class='ocrx_word' id='word_1_189' title='bbox 222 1747 414 1800; x_wconf 72' lang='lat' dir='ltr'>quiescat,</span> <span class='ocrx_word' id='word_1_190' title='bbox 456 1748 530 1788; x_wconf 83' lang='lat' dir='ltr'>siue</span> <span class='ocrx_word' id='word_1_191' title='bbox 580 1748 677 1787; x_wconf 86' lang='lat' dir='ltr'>circa</span> <span class='ocrx_word' id='word_1_192' title='bbox 727 1758 901 1788; x_wconf 89' lang='lat' dir='ltr'>centrum</span> <span class='ocrx_word' id='word_1_193' title='bbox 952 1746 1106 1800; x_wconf 84' lang='lat' dir='ltr'>aliquod</span> <span class='ocrx_word' id='word_1_194' title='bbox 1157 1747 1196 1786; x_wconf 88' lang='lat' dir='ltr'>in</span> <span class='ocrx_word' id='word_1_195' title='bbox 1247 1759 1361 1788; x_wconf 82' lang='lat' dir='ltr'>curua</span> <span class='ocrx_word' id='word_1_196' title='bbox 1408 1750 1538 1802; x_wconf 84' lang='lat' dir='ltr'>quauis</span> 
     </span>
     <span class='ocr_line' id='line_1_27' title="bbox 223 1811 1535 1865; baseline 0.002 -16"><span class='ocrx_word' id='word_1_197' title='bbox 223 1821 433 1850; x_wconf 82' lang='lat' dir='ltr'>moueatur.</span> <span class='ocrx_word' id='word_1_198' title='bbox 498 1813 587 1852; x_wconf 83' lang='lat' dir='ltr'>Hoc</span> <span class='ocrx_word' id='word_1_199' title='bbox 631 1812 752 1851; x_wconf 87' lang='lat' dir='ltr'>modo</span> <span class='ocrx_word' id='word_1_200' title='bbox 791 1811 954 1862; x_wconf 87' lang='lat' dir='ltr'>circuli,</span> <span class='ocrx_word' id='word_1_201' title='bbox 994 1823 1088 1864; x_wconf 84' lang='lat' dir='ltr'>quos</span> <span class='ocrx_word' id='word_1_202' title='bbox 1119 1812 1217 1851; x_wconf 81' lang='lat' dir='ltr'>circa</span> <span class='ocrx_word' id='word_1_203' title='bbox 1251 1811 1422 1865; x_wconf 82' lang='lat' dir='ltr'>planetas</span> <span class='ocrx_word' id='word_1_204' title='bbox 1453 1814 1535 1853; x_wconf 86' lang='lat' dir='ltr'>suos</span> 
     </span>
     <span class='ocr_line' id='line_1_28' title="bbox 229 1874 1534 1929; baseline 0.004 -18"><span class='ocrx_word' id='word_1_205' title='bbox 229 1875 422 1925; x_wconf 75' lang='lat' dir='ltr'>primarios</span> <span class='ocrx_word' id='word_1_206' title='bbox 456 1875 667 1916; x_wconf 77' lang='lat' dir='ltr'>describunt</span> <span class='ocrx_word' id='word_1_207' title='bbox 697 1876 870 1916; x_wconf 71' lang='lat' dir='ltr'>filtellites</span> <span class='ocrx_word' id='word_1_208' title='bbox 904 1875 1004 1915; x_wconf 79' lang='grc'><strong>101115</strong></span> <span class='ocrx_word' id='word_1_209' title='bbox 1034 1884 1071 1914; x_wconf 85' lang='grc'>01</span> <span class='ocrx_word' id='word_1_210' title='bbox 1101 1874 1288 1928; x_wconf 78' lang='lat' dir='ltr'>Saturni3</span> <span class='ocrx_word' id='word_1_211' title='bbox 1323 1886 1503 1929; x_wconf 85' lang='lat' dir='ltr'>aequator</span> <span class='ocrx_word' id='word_1_212' title='bbox 1522 1906 1534 1925; x_wconf 86' lang='lat'>,</span> 
     </span>
     <span class='ocr_line' id='line_1_29' title="bbox 227 1934 1540 1993; baseline 0.005 -20"><span class='ocrx_word' id='word_1_213' title='bbox 227 1934 329 1975; x_wconf 78' lang='lat' dir='ltr'>Solis</span> <span class='ocrx_word' id='word_1_214' title='bbox 350 1969 360 1987; x_wconf 82' lang='lat'>,</span> <span class='ocrx_word' id='word_1_215' title='bbox 394 1936 542 1989; x_wconf 86' lang='lat' dir='ltr'>Lunae,</span> <span class='ocrx_word' id='word_1_216' title='bbox 577 1948 730 1993; x_wconf 76' lang='lat' dir='ltr'>terrae3</span> <span class='ocrx_word' id='word_1_217' title='bbox 771 1938 928 1980; x_wconf 85' lang='lat' dir='ltr'>annulus</span> <span class='ocrx_word' id='word_1_218' title='bbox 960 1936 1110 1979; x_wconf 83' lang='lat' dir='ltr'>Saturni</span> <span class='ocrx_word' id='word_1_219' title='bbox 1146 1948 1216 1979; x_wconf 88' lang='lat' dir='ltr'>etc.</span> <span class='ocrx_word' id='word_1_220' title='bbox 1254 1951 1399 1979; x_wconf 89' lang='lat' dir='ltr'>nomen</span> <span class='ocrx_word' id='word_1_221' title='bbox 1431 1940 1540 1981; x_wconf 85' lang='lat' dir='ltr'>orbi·</span> 
     </span>
     <span class='ocr_line' id='line_1_30' title="bbox 229 1999 1537 2055; baseline 0.005 -19"><span class='ocrx_word' id='word_1_222' title='bbox 229 2008 290 2037; x_wconf 87' lang='lat' dir='ltr'>tae</span> <span class='ocrx_word' id='word_1_223' title='bbox 334 2000 371 2038; x_wconf 91' lang='lat' dir='ltr'>in</span> <span class='ocrx_word' id='word_1_224' title='bbox 424 1999 494 2040; x_wconf 83' lang='lat' dir='ltr'>hac</span> <span class='ocrx_word' id='word_1_225' title='bbox 538 2003 761 2043; x_wconf 62' lang='lat' dir='ltr'>tractatione</span> <span class='ocrx_word' id='word_1_226' title='bbox 804 2011 1032 2055; x_wconf 77' lang='lat' dir='ltr'>merentur3</span> <span class='ocrx_word' id='word_1_227' title='bbox 1068 2004 1152 2043; x_wconf 90' lang='lat' dir='ltr'>imo</span> <span class='ocrx_word' id='word_1_228' title='bbox 1185 2012 1226 2043; x_wconf 91' lang='lat' dir='ltr'>et</span> <span class='ocrx_word' id='word_1_229' title='bbox 1256 2001 1356 2055; x_wconf 81' lang='lat' dir='ltr'>ipsae</span> <span class='ocrx_word' id='word_1_230' title='bbox 1391 2003 1537 2042; x_wconf 80' lang='lat' dir='ltr'>orbitae</span> 
     </span>
     <span class='ocr_line' id='line_1_31' title="bbox 231 2061 1539 2118; baseline 0.002 -17"><span class='ocrx_word' id='word_1_231' title='bbox 231 2061 466 2114; x_wconf 84' lang='lat' dir='ltr'>planetarum</span> <span class='ocrx_word' id='word_1_232' title='bbox 511 2067 779 2118; x_wconf 84' lang='lat' dir='ltr'>primariorum</span> <span class='ocrx_word' id='word_1_233' title='bbox 802 2100 812 2117; x_wconf 89' lang='lat'>,</span> <span class='ocrx_word' id='word_1_234' title='bbox 852 2068 977 2107; x_wconf 88' lang='lat' dir='ltr'>modo</span> <span class='ocrx_word' id='word_1_235' title='bbox 1017 2067 1216 2108; x_wconf 85' lang='lat' dir='ltr'>circulares</span> <span class='ocrx_word' id='word_1_236' title='bbox 1255 2066 1338 2107; x_wconf 88' lang='lat' dir='ltr'>istas</span> <span class='ocrx_word' id='word_1_237' title='bbox 1377 2063 1539 2105; x_wconf 83' lang='lat' dir='ltr'>affuma·</span> 
     </span>
    </p>

    <p class='ocr_par' dir='ltr' id='par_1_4' title="bbox 820 2129 1540 2170">
     <span class='ocr_line' id='line_1_32' title="bbox 820 2129 1540 2170; baseline -0.006 0"><span class='ocrx_word' id='word_1_238' title='bbox 820 2129 855 2170; x_wconf 91' lang='lat' dir='ltr'>L</span> <span class='ocrx_word' id='word_1_239' title='bbox 876 2131 888 2170; x_wconf 97' lang='lat' dir='ltr'>l</span> <span class='ocrx_word' id='word_1_240' title='bbox 911 2142 935 2167; x_wconf 86' lang='lat'>2</span> <span class='ocrx_word' id='word_1_241' title='bbox 1455 2136 1540 2167; x_wconf 81' lang='lat' dir='ltr'>mus</span> 
     </span>
    </p>
   </div>
  </div>
 </body>
</html>
