2044 2735
548 134 599 173 45
614 129 633 162 8
700 118 780 161 DE
797 116 1209 161 GANDJSAPORA
1231 114 1543 160 PERSARVM
1554 117 1863 177 ‘QVONDAM

665 233 850 276 Ceterum
886 235 1058 285 multos,
1092 236 1156 289 qui
1192 236 1230 274 in
1273 235 1395 275 sehon
1430 234 1743 289 Gandisaporensi
1784 239 1864 278 fue-

550 308 637 341 runt
671 299 818 340 educati
838 331 848 349 ‚
882 310 920 338 et
956 299 1186 339 medicinam
1220 300 1316 340 olim
1350 311 1622 350 exercuerunt,
1657 300 1703 340 ad
1723 301 1865 355 epilco·

552 364 677 418 palem
698 396 708 415 ,
741 364 829 417 quin
862 364 1198 416 metropolitanam
1234 363 1452 415 dignitatem
1473 396 1483 416 ,
1514 360 1619 403 fuiss‘e
1651 364 1748 404 inter
1782 366 1864 407 Ne-

554 428 737 467 storianos
769 427 948 479 enectos,
979 426 1086 466 facile
1129 426 1348 478 intelligitur
1390 439 1443 467 ex
1486 427 1634 467 indiciis
1678 428 1864 472 clarorum

553 493 652 531 inter
683 491 771 531 huic
806 490 922 530 sectae
955 490 1154 542 addic‘tos,
1189 490 1362 530 virorum
1382 523 1392 542 ,
1427 491 1491 544 qui
1513 491 1729 531 muneribus
1747 493 1865 534 eccle-

551 554 698 596 fiasticis
730 552 895 594 defunCti
927 553 1018 594 sunt.

670 619 844 671 Apparet
876 630 928 656 ex
959 630 1036 670 eo,
1069 617 1172 671 quod
1205 615 1534 671 Gandiffiporenfis
1573 618 1700 658 schola
1742 620 1865 660 medi·

550 683 659 721 cinae
693 680 931 734 potissimnm
965 681 1136 732 intuitu,
1176 680 1313 721 diuersa
1355 681 1501 734 sequuta
1543 680 1652 722 fuerit
1701 684 1747 723 ab
1786 684 1867 724 aliis

554 746 593 784 in
632 745 795 785 Oriente
840 743 1158 785 Ncst<›ri2m0rum
1209 744 1370 795 scholis,
1422 757 1516 798 quae
1568 756 1714 786 tantum
1765 745 1866 787 fuere

552 807 828 848 ecclesiasticae.
894 808 1016 848 Huius
1054 809 1201 860 generis
1242 817 1323 847 erat
1356 807 1419 847 illa
1454 808 1632 849 Nilibena
1663 810 1759 850 olim
1803 823 1866 851 ce-

551 871 774 923 leberrima,
811 881 854 910 vt
888 872 927 910 in
961 870 1077 924 ipsam
1111 872 1307 924 Europam
1350 881 1390 910 et
1431 870 1603 911 Africam
1648 874 1726 912 eius
1769 874 1865 914 fama

552 944 840 987 propagaretur.
904 933 1010 974 Inter
1042 934 1148 974 huius
1181 934 1278 986 leges
1309 934 1377 974 fuit
1411 935 1531 988 aliqua
1568 936 1608 974 in
1642 935 1742 976 hunc
1779 950 1866 977 mo-

551 997 643 1037 dum
683 998 846 1048 scripta:
890 997 1055 1049 „Nemo
1095 997 1251 1037 fratrum
1273 1030 1283 1048 ,
1324 998 1385 1050 qui
1428 999 1464 1037 in
1498 997 1620 1038 schola
1655 1000 1864 1052 docentur,

552 1061 771 1112 „medicum
802 1060 970 1114 sequatur
989 1093 999 1112 ‚
1032 1068 1096 1101 aut
1131 1060 1339 1101 lee'tionem
1375 1061 1422 1100 ab
1453 1074 1500 1100 eo
1531 1063 1713 1114 excipiat.
1769 1063 1864 1104 Non

552 1125 683 1174 „enim
723 1125 952 1164 conueniunt
992 1124 1078 1165 libri
1119 1125 1165 1164 ad
1205 1123 1320 1164 fidem
1365 1124 1573 1176 specstantes
1613 1138 1698 1164 cum
1736 1127 1866 1166 litteris

551 1186 820 1238 „saecularibus
837 1220 861 1239 „
901 1187 1008 1240 Ergo
1042 1200 1088 1227 ne
1123 1188 1277 1240 quidem
1311 1188 1579 1240 permittebant
1613 1188 1780 1229 Nisibeni
1800 1190 1866 1232 l'uis

550 1250 712 1291 alumnis
753 1251 798 1290 ad
841 1252 1033 1291 medicum
1074 1262 1183 1291 extra
1216 1251 1387 1290 scholam
1431 1251 1590 1292 discendi
1623 1252 1724 1293 causti
1760 1266 1865 1293 acce·

550 1314 668 1354 dere:
711 1323 858 1355 tantum
891 1315 1038 1367 aberat,
1082 1324 1126 1354 vt
1160 1315 1228 1368 ipsi
1268 1315 1306 1354 in
1347 1314 1471 1355 schola
1515 1315 1710 1368 magistros
1743 1327 1864 1357 artem

550 1379 731 1417 docentes
763 1379 995 1431 praeberent.
1059 1380 1188 1432 Atque
1221 1377 1297 1417 hoc
1328 1378 1379 1417 ita
1411 1379 1490 1418 iam
1523 1379 1587 1418 fuit
1606 1380 1863 1432 constitutum,

551 1451 752 1495 antequam
785 1442 1008 1482 coniumstio
1050 1441 1314 1482 ecclesiasticae
1356 1441 1505 1481 scholae
1538 1442 1864 1497 Gandiliiporcnlis

549 1517 636 1545 cum
672 1504 875 1558 antiquiori
908 1506 1056 1546 medica
1100 1506 1246 1545 videtur
1278 1504 1381 1543 fuisse
1414 1505 1520 1545 facta.

669 1568 873 1608 Fuerintne
915 1570 1067 1622 plurCS,
1107 1580 1253 1622 praeter
1287 1567 1675 1623 Gandilaporenscm,
1713 1571 1749 1609 in
1778 1571 1863 1623 qui-

550 1631 615 1670 bus
650 1632 881 1671 medicinam
916 1634 1054 1672 docere
1097 1646 1139 1672 ac
1173 1632 1309 1673 discere
1342 1632 1474 1683 licuit,
1509 1646 1586 1672 non
1622 1633 1746 1672 habeo
1782 1632 1862 1672 stitis

549 1694 808 1744 exploratum.
874 1695 968 1734 Illud
1031 1696 1184 1734 inuenio
1236 1696 1335 1746 apud
1377 1694 1542 1735 Graecos
1590 1694 1857 1735 Constantino-

552 1756 772 1806 polit-anos,
815 1756 894 1795 sero
938 1757 1089 1796 tandem
1133 1770 1152 1795 a
1194 1756 1397 1808 patriarcha
1441 1757 1574 1808 Luca,
1617 1760 1699 1811 post
1732 1758 1859 1798 laeculi

551 1818 649 1858 XII.
686 1820 854 1859 medium
877 1852 887 1869 ,
931 1818 1032 1859 fuisse
1063 1830 1213 1859 cautum
1237 1852 1246 1870 ,
1285 1832 1331 1858 ne
1365 1821 1447 1871 quis
1483 1822 1715 1862 medicinam
1749 1835 1859 1862 exer-

548 1894 664 1931 cens,
701 1893 738 1922 ct
773 1895 820 1921 ne
853 1881 1027 1922 archiatri
1061 1883 1213 1935 quidem
1249 1883 1429 1934 dignitite
1461 1895 1696 1930 exornatus,
1730 1886 1859 1924 diaco-

548 1958 614 1984 nus
646 1946 704 1985 vel
724 1944 1013 1985 (accrdosficrct
1035 1979 1044 1996 ,
1076 1945 1181 1986 caula
1216 1946 1427 1986 subiunc‘ta:
1474 1948 1597 1999 „Non
1632 1948 1705 1988 cfl‘e
1739 1953 1857 1989 leren-

548 2009 663 2058 „dum
685 2041 696 2058 ‚
728 2018 772 2048 vt
805 2010 867 2062 qui
902 2021 991 2048 cum
1027 2009 1147 2049 infiilis
1179 2019 1217 2048 ct
1250 2009 1378 2048 casulis
1413 2012 1534 2051 (anst-a
1567 2012 1747 2062 tratstant,
1781 2013 1857 2052 sae-

546 2072 756 2121 ,‚cularibus
790 2072 946 2111 restibus
979 2072 1205 2123 induantur,
1239 2081 1278 2111 ct
1315 2086 1401 2112 cum
1437 2075 1557 2127 laicis,
1593 2077 1683 2115 viris
1717 2075 1855 2116 scilicet

545 2135 754 2185 ‚,m0dicis,
798 2135 979 2175 incedant.
1047 2136 1174 2192 Quam
1228 2135 1352 2188 legem
1406 2137 1515 2177 refert
1560 2138 1851 2179 ENIMVND.

543 2196 882 2242 BONEFIDIVS
914 2201 983 2241 ίαν.
1018 2197 1185 2242 ονίεηῐαΙ.
1210 2206 1300 2254 pag.
1343 2210 1438 2250 147.
1480 2209 1580 2253 143.
