2044 2735
578 97 664 138 106
800 93 882 138 DE
911 87 1359 136 VIBRATIONIBVS
1392 90 1469 134 ΕΤ
1499 88 1655 137 SONO

576 212 665 265 quin
702 210 841 262 saepius
875 209 1002 249 nescio
1042 208 1131 263 quid
1171 209 1318 250 ridiculi
1357 210 1569 263 inspergit3
1613 220 1732 249 nemo
1773 210 1885 264 igitur

577 276 677 314 vitio
712 283 867 324 vertat,
900 286 991 313 cum
1026 273 1182 314 laminas
1215 284 1366 314 tantum
1402 272 1886 314 considerabonaturaliter

575 338 699 377 rec'tas
732 348 867 390 easque
898 350 967 390 per
1006 346 1127 376 totam
1174 336 1276 377 suam
1324 336 1603 390 longitudinem
1646 336 1888 376 vmformiter

576 398 713 441 crassas
746 410 858 453 atque
892 400 1070 441 elasticas.
1137 399 1285 441 Eadem
1338 401 1486 440 ratione
1566 399 1738 440 inductus
1781 399 1887 440 nolui

519 499 525 507 ,
576 465 764 505 rationem
799 463 935 503 habere
978 465 1118 504 virium
1162 464 1498 515 acceleratricium‚
1542 476 1638 517 quae
1677 476 1697 502 a
1724 463 1888 516 partium

575 529 760 580 grauitate
795 528 998 579 oriuntur,
1029 540 1145 580 quarn
1179 540 1268 580 prae
1302 529 1342 567 vi
1383 527 1612 567 elasticitatis
1653 526 1771 566 veluti
1802 525 1890 566 infi-

575 591 657 631 nite
693 603 848 643 paruam
889 590 951 631 hic
986 590 1212 644 censemus3
1248 590 1350 630 hunc
1383 591 1420 630 in
1454 590 1575 629 finem
1610 590 1769 630 laminas
1799 602 1890 629 con-

576 654 749 695 siderabo
779 653 1070 694 horizontaliter
1088 655 1223 707 positas
1257 654 1402 707 solaque
1436 654 1653 693 elastieitate
1682 652 1741 692 sna
1767 653 1894 692 vibra-

579 726 663 757 tas:
700 716 933 771 hypotheses
974 717 1080 758 hasce
1112 718 1246 758 calculi
1289 715 1490 757 facilitandi
1533 717 1637 755 causa
1680 717 1793 756 vnice
1834 717 1894 755 in-

579 781 731 820 stituam
752 813 763 833 ,
799 792 871 820 nec
907 781 1014 821 enim
1047 780 1254 822 methodus
1286 781 1325 820 in
1359 779 1637 835 quaestionibus
1670 781 1792 832 magis
1833 781 1891 820 in-

578 844 720 884 tric-atis
751 842 948 884 deficeret.

448 919 568 950 ‘12an
697 907 732 955 §.
769 921 811 958 3.
847 905 905 947 Sit
940 907 1052 960 igitur
1084 920 1212 948 murus
1244 906 1433 948 verticalis
1466 904 1549 948 AC
1582 907 1643 947 cui
1687 906 1894 960 perpendi-

450 961 513 999 Fig.
539 969 753 1012 ¹'culariter
785 970 905 1011 infixa
938 982 1090 1024 putetur
1131 972 1270 1011 lamina
1313 971 1458 1010 clastica
1499 971 1602 1012 reeta
1645 969 1770 1021 BD,
1812 980 1896 1009 tota

581 1034 642 1075 sua
673 1034 911 1087 longitudine
946 1034 1056 1087 plane
1092 1035 1318 1074 vulfini-nis:
1355 1045 1518 1087 ponatur
1538 1035 1676 1074 lamina
1705 1033 1896 1073 oi'cilatio·

578 1110 646 1139 nes
679 1098 866 1151 perficere
900 1098 1081 1137 minimas
1112 1108 1223 1150 atque
1264 1097 1469 1137 ostili-ando
1508 1097 1694 1137 assumere
1736 1097 1897 1149 figuram

581 1160 695 1214 BE;
732 1162 804 1200 erit
846 1161 954 1200 nobis
995 1171 1082 1200 ante
1131 1161 1261 1199 omnia
1304 1161 1369 1199 ista
1412 1160 1532 1213 figura
1575 1160 1896 1200 determinanda:

579 1224 683 1264 hunc
716 1227 755 1264 in
789 1223 906 1263 finem
939 1224 1155 1263 notabimus
1188 1223 1338 1274 statim,
1382 1223 1564 1264 laminam
1599 1224 1696 1262 inter
1729 1222 1900 1262 ostillan-

582 1288 678 1328 dum
712 1288 752 1327 in
790 1288 898 1326 omni
934 1286 1001 1326 situ
1035 1286 1198 1326 similem
1232 1295 1469 1326 curuaturam
1502 1287 1675 1327 affectare
1696 1319 1706 1336 ,
1739 1286 1899 1339 quiadi-

584 1351 743 1391 stantiae
784 1350 1016 1402 singulorum
1060 1350 1292 1402 punctorum
1338 1350 1384 1389 ab
1425 1363 1499 1390 axe
1542 1349 1628 1391 BD
1662 1362 1748 1389 eam
1782 1361 1899 1402 quam

585 1413 703 1453 semel
736 1413 835 1452 inter
869 1412 904 1452 se
934 1412 1074 1451 habent
1115 1413 1304 1451 rationem
1349 1424 1537 1465 perpetuo
1577 1414 1750 1462 seruant,
1794 1412 1899 1465 quod

586 1477 665 1518 iam
699 1475 762 1515 diu
795 1476 843 1514 de
875 1474 1165 1514 oscillationibus
1200 1473 1453 1515 vniformibns
1486 1475 1789 1515 demonstiatum
1811 1475 1898 1514 filit:

590 1539 693 1578 vnde
726 1539 957 1592 consequens
991 1537 1043 1576 est
1066 1571 1075 1588 ,
1109 1548 1343 1577 cnruatnram
1379 1539 1539 1578 laminae
1574 1540 1611 1577 in
1655 1539 1790 1590 quouis
1831 1538 1899 1576 situ

590 1602 832 1642 innotescere
854 1634 865 1653 ,
900 1614 988 1640 cum
1025 1601 1077 1640 est
1113 1601 1150 1640 in
1185 1601 1253 1640 situ
1297 1602 1410 1640 vnico
1452 1602 1732 1641 determinata:
1779 1601 1901 1640 consi-

591 1666 804 1706 derabimus
837 1666 948 1718 igitur
982 1665 1091 1704 situm
1127 1665 1290 1704 laminae
1333 1676 1554 1704 extremum
1578 1697 1587 1715 ,
1629 1678 1699 1705 ceu
1745 1665 1781 1703 in
1823 1676 1900 1716 qno

590 1730 638 1770 ad
657 1729 840 1781 temporis
875 1728 1058 1781 punitum
1096 1729 1261 1780 quiescit.
1327 1726 1385 1766 Sit
1420 1729 1543 1781 itaque
1579 1725 1703 1768 BGE
1737 1728 1820 1767 situ>
1848 1727 1900 1765 la-

591 1793 720 1833 minae
739 1801 955 1831 extremus:
991 1790 1132 1830 efficiet
1166 1801 1253 1830 tnnc
1288 1790 1450 1830 laminae
1470 1791 1684 1841 elasticitas,
1720 1802 1761 1830 τι
1781 1790 1903 1842 qnod-

593 1856 652 1895 vis
685 1854 920 1894 elementum
957 1852 1028 1907 Gg
1062 1853 1277 1893 sollicitetur
1298 1853 1417 1893 verius
1445 1853 1531 1894 BD
1553 1887 1562 1904 ,
1595 1866 1632 1894 ct
1667 1856 1717 1893 ita
1745 1853 1900 1906 quidem

594 1929 640 1958 vt
675 1919 733 1958 vis
764 1918 976 1957 accelerans
1009 1918 1051 1957 fit
1087 1918 1385 1970 proportionalis
1419 1919 1602 1957 elementi
1645 1917 1722 1969 Gg
1765 1916 1903 1956 distan—

595 1982 670 2022 tiae
702 1994 723 2021 a
759 1981 857 2022 linea
892 1980 1005 2031 BD,
1041 1981 1131 2020 ficut
1174 1979 1450 2019 isocluoninms
1484 1981 1671 2033 postulat:
1717 1980 1803 2020 hinc
1848 1980 1902 2019 se-

595 2046 754 2100 quitur,
787 2045 815 2087 si
848 2045 988 2100 singula
1019 2045 1206 2085 clement-‚1
1240 2042 1307 2098 Gg
1341 2045 1379 2083 in
1409 2056 1558 2099 partem
1579 2046 1805 2085 contrariam
1828 2054 1903 2083 tra-

1768 2107 1906 2148 bantur
