2044 2735
557 103 607 146 ,μ
619 103 643 132 2
827 82 912 130 DE
944 78 1262 126 ALCIBIADE
1296 80 1666 126 CERTAMINIS

554 206 758 261 aggrestium
801 202 954 258 cepisse,
998 202 1061 244 sed
1101 211 1264 241 omnem
1306 199 1592 252 expeditionem
1632 198 1735 240 illam
1768 199 1866 243 fuisse

556 282 729 327 pompae
764 267 983 320 religione,
1022 277 1136 319 quam
1180 262 1305 312 bellO,
1353 262 1590 303 similiorem.
1661 264 1760 305 Rem
1802 278 1867 304 co-

557 334 738 388 gnoscet,
773 333 833 387 qni
866 342 919 370 ex
953 327 1202 372 ARRIAM
1237 325 1470 366 historiarum
1505 326 1589 366 libr.
1632 325 1706 367 Ill.
1729 328 1873 379 princi-

558 400 666 453 pium
700 395 881 450 relegerit.
947 394 1147 450 Quoniam
1182 401 1277 430 vero
1310 401 1368 430 res
1400 390 1488 430 seria
1519 400 1598 429 erat
1617 390 1759 430 cultum
1788 389 1872 432 De-

556 474 670 503 orum
705 470 932 514 procumre:
967 458 1056 498 hinc
1089 453 1251 505 Caesar,
1284 463 1329 493 vt
1361 454 1395 493 se
1428 453 1652 493 Alexandro
1679 454 1868 496 maiorem

557 524 761 576 ostendat,
795 535 815 563 a
850 521 884 561 se
918 523 1015 562 inter
1048 519 1219 560 conuiuia
1253 527 1292 556 et
1334 517 1639 570 compotationes
1679 516 1868 560 subactam

558 591 784 642 Aegyptum
820 585 947 626 iactat.
1014 584 1176 625 Mallem
1210 580 1285 620 hoc
1320 581 1407 620 loco
1442 580 1562 632 legere
1596 579 1871 635 περιῆλθεν,

558 653 660 707 quod
694 650 814 691 visum
846 650 962 688 etiam
995 648 1048 688 illi
1086 647 1152 687 fuit
1173 676 1184 696 ,
1224 645 1288 696 qui
1321 646 1564 698 pertransimt
1607 645 1871 699 interpretatus

557 717 619 757 est.
687 714 794 756 Nam
825 708 1076 768 praeteriiffe,
1110 707 1214 763 quod
1256 705 1475 759 ’ωαᾱῆλὲε
1516 706 1649 760 valet,
1691 719 1873 763 repugnat

558 779 735 821 historiae
769 786 808 817 et
841 777 958 830 scopo
990 774 1188 828 loquentis.

557 843 781 884 Videndum
813 852 912 880 nunc
946 839 998 880 est
1028 838 1186 892 propius
1205 867 1215 886 ,
1248 834 1335 887 quid
1367 833 1410 875 fit
1443 831 1470 883 ἢ
1504 831 1788 890 Ὀλυμπίαζε
1811 835 1874 877 &g-

557 904 671 963 ωξῐα,
710 918 781 960 qua
824 902 1041 944 Alcibiades
1077 899 1222 940 funstus
1272 897 1416 938 dicitur.
1495 897 1639 951 Iupiter
1689 900 1872 941 Eleorum

557 970 770 1022 Olympius
810 976 889 1007 erat
931 965 1165 1008 Graecorum
1216 961 1393 1002 omnium
1445 974 1650 1001 commune
1702 976 1872 1004 numen:

558 1034 695 1088 quique
729 1030 796 1084 ipsi
827 1031 961 1085 quinto
995 1039 1143 1082 quoque
1177 1037 1275 1066 auno
1309 1034 1517 1065 recurrente
1552 1024 1784 1066 habebantur
1822 1029 1872 1067 sa-

558 1098 613 1139 cri
645 1095 908 1148 sollemnesque
941 1093 1107 1133 honores
1137 1099 1175 1130 et
1207 1087 1407 1139 fircrificia,
1442 1089 1554 1128 totius
1585 1087 1766 1130 Graeciae
1805 1103 1876 1131 no-

559 1161 664 1203 mine
695 1159 993 1213 peragebantur:
1026 1165 1144 1208 vtque
1176 1164 1312 1194 omnes
1341 1149 1488 1206 pofl'ent
1519 1153 1684 1193 interesse
1703 1185 1713 1204 ,
1748 1154 1793 1194 ab
1811 1167 1874 1194 an·

558 1225 670 1278 tiquo
701 1232 852 1264 cautum
884 1229 992 1271 erat,
1025 1229 1070 1259 vt
1102 1217 1210 1258 bellis
1231 1248 1241 1268 ‚
1275 1215 1302 1256 si
1335 1229 1404 1270 qua
1438 1216 1687 1268 gerebantur,
1709 1217 1875 1258 induciae

559 1288 744 1328 darentur.
812 1283 1067 1326 Confluebant
1098 1290 1226 1322 autem
1261 1279 1329 1319 illo
1362 1289 1541 1331 tempore
1584 1279 1754 1320 homiues
1795 1294 1874 1321 non

560 1341 684 1391 solum
719 1349 865 1403 priuata
907 1347 1102 1388 voluntate
1123 1377 1134 1396 ,
1177 1353 1222 1383 vt
1264 1344 1380 1383 totius
1417 1340 1599 1384 Graeciae
1642 1356 1875 1385 conuentum

559 1406 769 1468 spectarent
790 1443 801 1464 ‚
834 1421 872 1452 et
905 1413 944 1452 in
975 1410 1035 1451 illa
1076 1408 1284 1449 hominum
1326 1406 1568 1447 multitudine
1609 1404 1772 1447 fruc'tum
1812 1408 1873 1448 ali·
1905 1443 1908 1445 ,

561 1489 679 1531 quem
714 1489 766 1517 ex
799 1485 966 1518 mercatu
1001 1473 1267 1527 perciperent:
1304 1470 1367 1510 sed
1408 1471 1573 1510 ciuitates
1616 1470 1766 1522 publico
1808 1483 1879 1511 no-

560 1542 668 1582 mine
703 1540 902 1580 mittebant
921 1572 932 1591 ,
965 1538 1029 1592 qui
1063 1546 1232 1589 pompae
1267 1535 1500 1587 peragendae
1532 1543 1569 1573 et
1601 1531 1780 1574 sacrificiis
1813 1534 1876 1575 suo

561 1605 716 1644 nomine
749 1602 973 1643 interessent.
1038 1600 1117 1656 Qui
1148 1608 1275 1638 autem
1308 1598 1505 1650 cupiebant
1540 1606 1618 1636 tam
1636 1596 1872 1650 Olympiae,

560 1679 675 1720 quam
709 1667 747 1705 in
780 1667 914 1705 ceteris
945 1664 1082 1714 sacris,
1115 1662 1304 1701 decertare
1326 1692 1336 1711 ‚
1374 1659 1526 1712 (iraeque
1567 1660 1714 1699 virtutis
1757 1660 1872 1700 docu-

560 1738 735 1770 mentum
769 1728 858 1767 dare
877 1760 889 1779 ,
920 1727 1065 1779 aliquot
1098 1723 1282 1764 mensibus
1314 1731 1400 1763 ante
1433 1722 1568 1762 iustum
1610 1731 1764 1775 tempus
1807 1723 1871 1763 ad-

561 1793 692 1833 uenire
725 1789 869 1844 seseque
902 1789 980 1830 satis
1011 1785 1265 1841 explorandos
1296 1784 1479 1824 exhibere
1498 1784 1693 1825 debebant.
1739 1785 1871 1839 Atque

559 1855 653 1897 haec
685 1854 749 1894 lex
781 1854 876 1894 adeo
908 1852 1020 1894 firma
1055 1860 1162 1900 crat,
1195 1858 1239 1888 vt
1272 1849 1318 1888 ad
1351 1848 1615 1889 decertandum
1651 1861 1770 1888 nemo
1803 1851 1868 1890 ad-

559 1920 802 1969 mitteretur,
835 1918 899 1971 qui
933 1916 995 1957 vel
1027 1914 1200 1969 legitimo
1234 1909 1491 1967 πξσαγῶνος
1526 1921 1702 1965 tempore
1721 1911 1855 1953 desccis

558 1982 640 2033 set,
678 1981 744 2022 vel
791 1981 933 2021 fluente
973 1979 1042 2020 illo
1091 1977 1227 2033 aliquid
1269 1975 1501 2032 admisni'ct,
1545 1976 1648 2032 quod
1692 1973 1873 2032 νομίμως

556 2038 743 2092 &Omma
774 2044 988 2088 dedeceret.

1759 2101 1882 2146 Erant
