2044 2735
559 136 646 172 116
796 129 879 171 DE
912 126 1356 171 VIBRATIONIBVS
1389 127 1466 171 ET
1494 126 1649 172 SONO

553 252 616 284 cet
649 250 734 282 ante
766 241 864 282 hanc
896 240 1083 282 theoriam
1118 241 1265 282 calculo
1299 241 1494 293 analytico
1532 251 1678 282 erutam
1711 254 1762 284 ex
1795 242 1866 284 ob-

553 305 817 347 seruationibus
866 305 941 345 iam
981 305 1196 346 constiterat
1220 338 1231 355 ,
1273 317 1476 346 numerum
1518 306 1778 347 vibrationum
1826 308 1865 347 in

554 370 707 411 chordis
747 369 856 409 tensis
895 369 986 409 infra
1029 369 1161 409 datum
1195 379 1345 422 tempus
1385 367 1462 409 effe
1503 370 1542 408 in
1576 370 1723 409 ratione
1754 383 1867 410 com-

554 433 675 488 posita
711 438 764 473 10.
802 445 853 472 ex
885 434 1078 485 reciproca
1111 433 1354 485 longitudinis
1385 432 1548 473 chordae
1581 426 1652 471 93¹⁰.
1687 445 1739 472 ex
1771 434 1866 473 reci-

552 510 671 552 proca
714 496 893 549 ponderis
932 495 1100 536 chordae
1145 505 1184 535 et
1219 502 1262 542 30
1295 508 1348 536 ex
1382 496 1529 536 ratione
1561 496 1701 536 dircsta
1736 497 1869 536 subdu-

551 560 689 615 plicata
722 560 900 613 ponderis
932 558 1118 599 chordam
1154 559 1369 600 tendentis:
1408 570 1615 600 numerum
1649 559 1772 612 ipsum
1798 572 1869 600 ve-

551 636 600 664 ro
642 635 694 663 ex
736 622 794 663 his
835 622 927 662 datis
959 622 1119 662 absolute
1160 621 1316 662 definire
1338 653 1348 673 ‚
1389 623 1426 662 id
1462 621 1529 662 soli
1560 623 1731 663 theoriae
1761 622 1865 663 subli-

555 687 613 727 mi
646 686 822 726 relietum
854 684 925 725 fuit
945 718 957 738 ,
990 686 1160 739 quamuis
1189 686 1317 726 multis
1354 684 1523 726 artificiis
1561 699 1582 726 a
1615 687 1735 739 longo
1767 695 1868 726 tem-

554 762 649 803 pore
682 749 738 789 vfi
778 748 945 800 fuerint,
989 759 1034 789 vt
1067 749 1105 790 id
1136 761 1288 803 quoque
1331 749 1609 802 experimentis
1649 750 1867 790 inuenirent

554 823 594 852 et
629 812 783 866 quidem
832 809 994 852 successu
1047 812 1142 864 tali,
1192 822 1237 853 vt
1270 823 1350 852 non
1400 811 1567 852 multum
1601 812 1808 852 admodum
1843 823 1865 852 a

554 887 652 916 vero
693 876 956 916 aberrauerint.
1021 875 1198 915 Tandem
1241 887 1337 915 vero
1376 887 1424 915 eo
1456 874 1639 927 prouecta
1672 888 1729 915 res
1760 874 1829 914 fuit
1849 905 1862 925 ‚

550 948 598 978 vt
629 939 790 991 cognitis
824 938 996 991 pondere
1034 938 1229 990 chordae,
1272 938 1444 991 pondere
1481 938 1666 978 chordam
1699 938 1865 977 tenden-

552 1009 592 1041 te
624 1012 663 1041 et
704 1002 939 1054 longitudine
989 1001 1156 1042 chordae
1206 1013 1318 1041 verus
1369 1001 1632 1041 vibrationum
1683 1012 1865 1040 numerus

552 1077 627 1118 pro
660 1065 749 1105 dato
781 1075 960 1118 tempore
1011 1065 1167 1105 indicari
1217 1062 1341 1117 poffet
1360 1097 1371 1115 ‚
1408 1073 1524 1118 atque
1564 1064 1613 1104 fic
1646 1064 1774 1104 edocti
1807 1065 1865 1104 su·

554 1141 668 1179 mm,
707 1140 795 1168 cum
838 1127 1001 1180 praestita
1041 1128 1195 1179 cognita
1234 1127 1286 1167 ita
1327 1127 1476 1167 fuerunt
1521 1136 1732 1180 temperata
1763 1137 1809 1167 vt
1841 1139 1864 1167 a

551 1190 698 1230 chorda
731 1191 877 1230 vibrata
913 1190 1022 1230 sonus
1056 1190 1221 1230 choralis
1252 1189 1393 1230 infimo
1429 1187 1466 1229 C
1496 1190 1703 1243 defignatus
1736 1191 1867 1229 edere-

550 1263 614 1293 tur
639 1287 651 1306 ,
697 1262 786 1293 tunc
826 1253 971 1293 chorda
1012 1255 1108 1293 intra
1149 1254 1341 1293 minutum
1375 1254 1584 1294 secundum
1622 1257 1707 1291 116
1740 1253 1866 1292 vibra-

553 1317 678 1357 tiones
715 1317 854 1366 fiiciat,
896 1317 998 1357 vnde
1036 1318 1111 1356 iarn
1154 1329 1332 1357 numerus
1375 1317 1633 1358 vibrationum
1678 1329 1750 1370 pro
1780 1315 1862 1356 reli-

555 1382 639 1432 quis
672 1378 768 1419 sonis
809 1380 984 1420 omnibus
1014 1379 1227 1419 innotescit.
1295 1380 1402 1420 Haec
1432 1392 1526 1433 quae
1557 1381 1604 1420 de
1634 1379 1787 1420 chordis
1805 1379 1866 1419 vi-

555 1442 668 1482 bratis
717 1442 869 1481 inuenta
915 1441 997 1482 sunt
1027 1474 1039 1493 ,
1100 1443 1177 1481 iam
1227 1444 1340 1482 etiam
1387 1455 1460 1495 pro
1511 1442 1660 1483 laminis
1708 1442 1864 1482 elasticis

556 1506 750 1556 eruimus,
783 1514 869 1544 vtut
898 1504 1042 1544 indoles
1061 1517 1190 1544 earum
1209 1505 1368 1545 demum
1403 1505 1725 1546 circumscribatur
1756 1504 1864 1544 diffe-

556 1567 774 1609 rentialibus
806 1569 927 1620 quarti
961 1567 1114 1608 ordinis,
1146 1567 1189 1608 Id
1210 1581 1304 1608 vero
1339 1581 1440 1607 nunc
1473 1569 1623 1608 vberius
1641 1568 1860 1621 explicabo.

675 1632 708 1679 ξ.
751 1644 817 1680 14.
855 1628 951 1671 Dixi
983 1631 1140 1671 laminas
1170 1642 1457 1685 quantacunque
1498 1632 1712 1671 elasticitate
1755 1642 1864 1683 prae-

559 1694 655 1734 ditas
695 1694 933 1747 longitudine
966 1703 1083 1734 tantas
1114 1695 1235 1748 accipi
1268 1693 1406 1748 posse,
1441 1703 1485 1733 vt
1517 1707 1606 1734 cum
1640 1695 1862 1746 vibrantur,

560 1769 688 1797 earum
721 1758 792 1797 itus
823 1757 1034 1811 reditusque
1069 1758 1241 1797 distincte
1276 1759 1471 1811 percipere
1514 1768 1625 1811 atque
1666 1769 1864 1797 numerare

560 1820 701 1872 liceat·⁷
743 1830 855 1873 atque
896 1820 943 1859 (ιε
986 1832 1185 1860 numerum
1229 1821 1518 1870 vibrationum‚
1561 1821 1725 1873 acceptis
1763 1821 1864 1873 prius

559 1884 790 1936 ponderibus
822 1893 933 1936 atque
967 1883 1147 1923 mensuris
1181 1887 1226 1923 ad
1258 1884 1295 1923 id
1327 1881 1536 1923 neceil‘ariis
1555 1917 1565 1934 ,
1598 1896 1711 1936 quem
1753 1883 1848 1922 theo

560 1948 614 1986 ria
647 1947 783 1986 indicat
813 1946 1082 1987 accuratiffimc
1107 1947 1154 1987 ad
1197 1947 1461 1999 experimenta
1503 1960 1679 1985 reuocare
1723 1947 1863 1999 potui:

562 2019 601 2049 at
632 2022 721 2050 cum
757 2010 920 2050 laminae
954 2010 1141 2050 breuiores
1174 2009 1271 2049 fiunt
1290 2042 1298 2058 ‚
1329 2011 1426 2049 mire
1467 2011 1719 2049 accelerantur
1740 2010 1863 2049 vibra·

563 2074 689 2113 tiones
719 2086 821 2115 mox
853 2075 977 2117 aciem
1009 2073 1207 2115 oculorum
1239 2072 1496 2129 effugientes3
1537 2073 1757 2115 diiunctum
1811 2083 1867 2112 ta·

1776 2145 1870 2177 men
