2044 2735
414 115 495 156 DE
526 109 878 160 ORfflTARVM
925 110 1338 160 APPARENTIIS.
1457 124 1482 153 2
1494 122 1514 158 δ
1523 127 1545 168 5

210 230 257 271 ad
292 231 515 285 primariam
559 230 783 285 parallelas,
826 244 897 273 nec
939 245 1019 273 non
1061 233 1352 274 inclinationem
1388 234 1537 277 orbitae

207 293 361 349 semper
394 295 558 336 eandem
602 297 648 336 ad
683 296 839 349 planum
881 297 1106 350 primarium
1153 297 1323 350 respectu
1358 297 1529 340 fixarum

204 358 429 401 immotum.
465 358 527 399 Sic
561 361 683 401 orbita
718 372 768 399 ex
804 360 840 399 A
878 361 916 400 in
953 359 970 400 Ι
1007 361 1177 400 translata
1211 362 1320 402 situm
1355 362 1532 416 respectu

204 421 371 464 fixartun
413 424 640 475 conseruat,
683 424 711 464 si
745 424 841 463 linea
889 425 1082 464 nodorum
1124 424 1334 465 secundaria
1361 439 1446 478 gm
1490 427 1532 468 in

204 487 295 527 loco
329 488 474 528 orbitae
508 486 527 527 1
563 487 736 540 pamllela
777 487 828 527 est
865 497 945 527 tum
983 487 1029 526 ad
1063 501 1150 542 Ύμ
1173 520 1183 538 ,
1220 498 1302 528 tum
1337 490 1384 530 ad
1419 490 1499 532 Νη
1520 522 1530 542 ,

204 560 243 591 et
285 551 310 592 si
345 551 500 605 angulus
538 549 616 592 llS
639 582 649 600 ‚
693 562 805 604 quem
848 550 1140 592 inclinationem
1183 551 1330 591 orbitae
1363 553 1408 593 ad
1443 553 1532 606 pla-

205 627 302 655 num
338 616 566 669 primarium
607 614 735 654 metiri
776 626 996 666 ponamus,
1040 614 1143 654 idem
1178 614 1231 654 est
1264 628 1353 656 cum
1385 616 1528 670 angulo

205 679 327 719 λΑσ·
349 711 359 730 ,
408 680 461 718 ita
500 687 545 717 vt
586 677 696 717 situm
740 677 914 730 respec‘tu
955 678 1124 718 fixarum
1174 679 1423 731 conionum,
1467 679 1529 720 seu

205 753 317 783 motu
348 742 414 783 fibi
446 741 598 794 semper
638 742 824 794 parallelo
867 742 1077 796 progredi,
1119 742 1159 782 in
1193 744 1377 784 eiusmodi
1409 752 1532 784 trans·

204 806 349 846 latione
385 806 530 845 orbitae
573 817 698 845 vnum
738 806 916 859 idemque
957 807 1014 847 fit.
1080 806 1151 847 His
1192 806 1321 860 positis
1361 806 1405 848 sit
1436 819 1530 848 cen-

204 877 311 910 trum
352 869 500 910 orbitae
545 868 586 907 in
617 869 707 909 loco
740 870 873 923 quouis
907 870 1059 911 semitae
1093 869 1175 910 suae
1209 871 1249 910 A
1268 903 1279 922 ,
1312 871 1416 924 quod
1442 872 1525 912 iun-

205 942 270 986 gat
300 933 404 974 rec'ta
437 931 512 973 AS
546 944 638 972 cum
673 934 788 973 oculo
821 931 847 973 S
867 965 877 984 ‚
913 947 1008 986 quae
1043 934 1205 987 proinde
1238 935 1278 974 in
1312 934 1429 987 plano
1448 936 1529 988 pri-

203 997 329 1037 mario
361 998 511 1038 existet.
579 996 740 1037 Planum
783 997 1036 1050 proiectionis
1056 1030 1066 1049 ,
1108 998 1209 1051 quod
1243 1011 1315 1052 per
1347 1008 1526 1039 centrum

202 1060 352 1100 orbitae
397 1060 525 1102 transit
565 1069 605 1099 et
646 1061 692 1100 ad
731 1062 877 1101 rectam
920 1060 994 1101 SA
1036 1062 1209 1101 normale
1253 1063 1303 1102 est
1326 1092 1337 1110 ,
1373 1063 1523 1114 stmper

202 1124 378 1163 normale
411 1127 482 1165 erit
513 1123 560 1163 ad
594 1122 750 1174 planum
792 1125 1020 1177 primarium
1038 1156 1049 1175 ,
1090 1125 1203 1178 idque
1234 1125 1368 1166 secabit
1399 1126 1438 1165 in
1466 1136 1526 1165 re-

203 1185 267 1226 &a
300 1184 427 1227 BAC
467 1187 513 1228 ad
548 1184 623 1226 AS
657 1187 695 1227 in
729 1188 769 1227 A
804 1187 1138 1240 perpendiculari,
1181 1188 1257 1240 ita,
1308 1197 1355 1228 vt
1389 1185 1524 1244 ΒΑὙ

205 1251 538 1304 complementum
592 1249 636 1290 fit
684 1250 794 1303 ipsius
835 1250 962 1307 ‘yAS
1017 1250 1084 1291 vel
1124 1249 1232 1293 ASn
1275 1252 1325 1293 ad
1360 1252 1526 1293 rectum.

206 1312 415 1354 Moucatur
453 1325 625 1355 centrum
666 1315 812 1355 orbitae
857 1327 908 1354 ex
942 1316 979 1356 A
1014 1315 1124 1355 iuxta
1165 1314 1286 1356 AIN
1307 1347 1317 1366 ,
1361 1325 1400 1355 et
1433 1330 1522 1371 ’γμ

204 1377 314 1418 situm
347 1382 497 1432 semper
538 1377 761 1432 parallelum
802 1379 983 1419 retinebit
1015 1379 1061 1419 ad
1095 1378 1202 1430 Nn,
1237 1378 1392 1432 angulus
1425 1391 1525 1419 vero

204 1439 312 1482 ASn
347 1442 407 1482 seu
441 1442 511 1495 ipsi
543 1440 706 1494 aequalis
739 1441 866 1498 ‘VAS
887 1475 898 1495 ,
933 1454 1052 1497 quem
1083 1443 1344 1495 elongationem
1383 1443 1525 1485 orbitae

203 1518 232 1545 a
265 1505 354 1546 nodo
418 1506 588 1546 dicamus
607 1538 617 1557 ,
650 1506 882 1557 mutabitur,
919 1516 960 1546 et
992 1519 1082 1546 cum
1116 1506 1199 1560 ipso
1217 1506 1368 1559 angulus
1384 1504 1519 1562 ΒΑΎ,

202 1570 442 1609 decrescente
483 1568 558 1609 hoc
579 1601 590 1620 ,
633 1568 660 1609 fi
692 1569 758 1609 iste
789 1569 918 1610 crescit
958 1581 997 1611 et
1030 1569 1208 1610 vicissim.
1275 1570 1366 1611 Hoc
1398 1571 1522 1611 modo

202 1632 307 1672 reeta
346 1631 425 1674 BC
465 1633 562 1673 circa
604 1633 641 1672 A
684 1633 722 1672 in
768 1645 906 1686 gyrum
942 1635 1066 1687 agitur
1086 1666 1095 1684 ‚
1129 1642 1167 1673 et
1200 1632 1358 1687 planum
1390 1635 1518 1686 proie-

204 1695 346 1737 Ctionis
378 1696 465 1737 inde
494 1696 654 1750 acquirit
686 1706 842 1736 motum
886 1697 1084 1751 vertiginis
1116 1698 1215 1737 circa
1249 1709 1367 1737 axem
1403 1697 1444 1736 in
1476 1698 1518 1738 A

202 1760 249 1800 ad
298 1759 459 1813 planum
505 1760 730 1813 primarium
790 1760 1023 1801 normalem.
1090 1760 1291 1801 Perueniat
1340 1770 1517 1801 centrum

200 1822 348 1863 orbitae
381 1825 419 1864 in
452 1823 472 1864 Ι
506 1823 568 1863 vel
601 1825 646 1875 i,
680 1832 724 1863 vt
757 1824 910 1876 angulus
942 1824 1193 1877 elongationis
1224 1824 1371 1865 orbitae
1403 1836 1425 1863 a
1444 1836 1517 1864 no-

203 1885 257 1925 do
290 1884 379 1925 ISn
412 1887 476 1927 vel
509 1885 608 1928 iSN
650 1887 694 1928 sit
725 1887 849 1928 rectus
869 1921 879 1939 ,
921 1901 999 1942 quo
1033 1887 1115 1928 casu
1148 1888 1271 1928 orbita
1305 1889 1346 1928 in
1387 1887 1517 1929 limiti-

203 1948 268 1989 bus
300 1949 435 1988 vei-sari
468 1949 615 1990 dicitur.
684 1952 807 1993 Refta
838 1949 916 1992 BC
951 1963 1051 1992 nunc
1084 1952 1277 1992 coincidet
1301 1964 1390 1991 cum
1409 1952 1515 1991 recta

202 2023 270 2064 mg
302 2012 350 2051 ad
382 2011 457 2052 Nn
490 2013 695 2067 parallela;
738 2016 841 2055 vnde
884 2015 959 2056 hoc
993 2015 1075 2055 casu
1108 2016 1266 2068 planum
1300 2015 1514 2068 proiectio-

200 2076 257 2117 nis
287 2074 422 2117 secabit
455 2075 613 2132 planum
646 2079 871 2132 primarium
906 2080 946 2118 in
977 2080 1078 2120 linea
1109 2079 1306 2121 nodorum
1339 2077 1510 2118 secunda-

805 2141 846 2184 N
883 2154 909 2181 n
945 2152 968 2190 3
1457 2139 1511 2181 ria
