2044 2735
165 111 481 158 ACADEMIA
494 109 723 154 MEDICA
748 105 971 151 OBSERV.
1003 107 1330 158 HISTORICA.
1393 118 1482 161 445

166 232 286 273 studio
319 227 650 285 Gandifiiporensis
684 227 850 283 episcopi
884 229 1184 282 praerogatiuam
1228 226 1490 282 amplificandi

166 297 396 350 aliquantum
435 295 551 348 magis
584 306 697 348 quam
733 293 884 333 veritati
919 290 1090 333 studuisse
1123 291 1325 332 existimat.
1371 292 1489 348 Quc-

165 361 255 415 quid
290 359 429 399 horum
462 359 536 409 sit,
570 358 752 412 quoniam
790 357 887 397 milii
920 369 997 397 non
1031 357 1122 396 licet
1154 358 1188 395 in
1211 356 1491 396 controuertiae

165 427 213 465 ad
249 437 317 464 nos
348 435 427 464 non
470 423 692 477 pcrtinentls
725 421 894 475 amplam
928 421 1213 475 expositionem
1250 420 1491 471 descendere,

168 488 251 529 satis
292 488 385 528 illud
428 498 612 540 apparere
656 494 787 526 tamen
823 484 1034 536 existimo,
1069 483 1174 537 quod
1209 483 1286 524 duo
1321 484 1494 523 auetores

170 554 209 593 in
253 564 302 592 eo
342 550 610 601 consentiant,
654 547 962 602 Gandisaporam
1006 561 1058 588 ex
1098 548 1214 587 ruinis
1258 547 1492 588 Antiochiae

168 613 324 656 creuisse
367 626 406 655 et
438 613 717 668 amplificatam
762 626 803 653 ac
839 622 1068 653 exornatam
1108 610 1230 652 fuiffe.
1298 612 1399 653 Eam
1432 625 1493 652 au-

170 692 249 720 tem
286 680 423 720 vrbem
455 677 696 732 temporibus
736 675 892 730 Saporis
933 675 1008 716 111.
1046 687 1201 730 captam
1237 686 1274 716 et
1305 676 1494 730 direptam

168 742 276 785 fnisse
297 777 307 795 ,
342 755 460 783 nemo
492 742 718 796 scriptorum
753 741 850 782 illius
883 741 966 781 aeui
1001 751 1224 780 annotatum
1269 740 1432 794 reliquit.

287 809 416 864 Quare
467 820 547 847 non
588 804 772 860 poffum,
815 806 905 860 quin
954 805 1000 844 ad
1040 804 1229 858 Saporem
1272 807 1401 858 potius
1441 803 1494 845 ΙΙ.

169 886 280 926 quim
331 871 404 912 111.
452 870 609 911 referam
662 869 943 923 Gandisaporae
994 870 1219 922 originem,
1264 869 1414 910 interim
1458 870 1497 908 in

170 938 305 977 medio
339 935 470 977 relicta
512 935 757 989 quaestione,
800 945 929 974 Vtrum
964 933 1159 974 Aureliani
1204 944 1334 973 natam
1370 933 1498 973 hono-

173 1001 280 1040 randi
321 1001 423 1040 causa
474 1000 519 1040 ad
555 999 643 1040 illud
684 1011 781 1052 opus
822 997 1095 1052 suscipiendum
1138 1009 1176 1038 et
1222 997 1499 1051 perficiendum

173 1064 334 1119 Saporcs
376 1075 457 1105 tum
491 1066 660 1118 primum
695 1060 918 1114 accesserit,
964 1075 1012 1102 an
1048 1063 1166 1114 magis
1202 1062 1347 1102 strenue
1379 1062 1416 1101 in
1451 1074 1501 1102 eo

173 1128 424 1183 perrexerit,
469 1139 513 1169 vt
554 1137 662 1168 tanto
706 1127 881 1168 libentius
923 1140 967 1167 ac
1002 1126 1196 1167 iucundius
1239 1127 1339 1166 inter
1378 1126 1506 1166 Persas

174 1194 338 1247 degeret.
404 1193 523 1248 Quod
555 1202 682 1232 autem
727 1193 764 1231 in
799 1189 960 1243 Syriaco
994 1191 1180 1231 chronico
1220 1189 1389 1243 legitur,
1426 1189 1500 1229 Va-

173 1258 315 1298 leriano
359 1271 380 1297 a
418 1256 566 1310 Sipore
608 1266 726 1309 capto
767 1256 1011 1296 domicilium
1055 1253 1339 1308 Gandisapotae
1373 1254 1503 1294 datum

174 1321 301 1363 fuiffe:
350 1322 387 1362 id
430 1334 508 1362 non
552 1321 666 1361 debet
708 1320 896 1360 destruere
940 1320 1111 1374 priorem
1147 1319 1249 1358 vrbis
1281 1317 1504 1359 condendae

176 1386 241 1426 vel
276 1388 522 1427 exornandae
564 1384 726 1425 causam.
795 1383 952 1424 Scilicet
997 1382 1167 1424 beneficii
1203 1382 1291 1422 loco
1326 1383 1355 1422 is
1387 1382 1500 1422 habe-

176 1463 217 1491 re
237 1451 398 1491 debebat
420 1484 429 1501 ,
465 1450 567 1504 quod
586 1450 624 1488 in
645 1449 740 1489 vrbe
767 1447 926 1490 Graecis
945 1448 1166 1488 hominibus
1184 1445 1420 1500 frequentata
1439 1447 1505 1487 de-

178 1526 267 1567 gere
287 1514 355 1568 ipsi
375 1512 594 1555 concessum
612 1513 694 1553 fuit.
731 1510 911 1553 Ceterum
931 1525 976 1552 ea
999 1545 1008 1562 ,
1050 1524 1146 1566 quae
1166 1511 1212 1550 de
1234 1509 1426 1550 durissima
1447 1523 1506 1551 ca-

177 1579 354 1632 ptiuitate
373 1590 409 1618 et
431 1576 632 1618 miserabili
652 1587 778 1616 morte
787 1576 979 1616 Vaieriani
1000 1589 1020 1615 a
1039 1576 1173 1616 nostris
1193 1574 1430 1627 scriptoribus
1449 1587 1509 1615 re-

179 1642 254 1682 lata
274 1641 376 1692 sum,
398 1642 496 1682 forte
516 1642 678 1682 nimium
699 1639 846 1680 suerunt
863 1650 1107 1693 exaggerata:
1130 1639 1313 1693 quoniam
1326 1638 1508 1679 Orienta-

183 1705 278 1747 lium
301 1706 627 1760 nullusquicquam
646 1705 693 1744 de
713 1717 762 1743 eo
781 1704 1124 1755 commemorauit,
1144 1715 1262 1757 quum
1285 1703 1320 1742 id
1343 1704 1505 1743 reticen-

182 1770 220 1809 di
239 1770 387 1811 causam
406 1780 496 1811 tunc
515 1769 646 1810 saltem
667 1780 745 1808 non
766 1768 983 1820 habuerint,
1005 1767 1204 1821 postquam
1225 1766 1416 1807 Persarum
1437 1767 1508 1818 dy-

183 1833 299 1873 nastia
320 1837 482 1875 omnino
500 1834 632 1885 deleta,
653 1832 800 1874 summa
819 1846 946 1874 rerum
969 1833 1014 1872 ad
1035 1830 1505 1872 ChaiifasSarracenorum

183 1895 300 1936 fuerat
320 1898 462 1940 delata:
483 1898 639 1950 satisque
657 1897 776 1937 libere
795 1898 842 1938 de
861 1896 1004 1936 sieuitia
1017 1895 1204 1936 Perstrum
1226 1897 1263 1935 in
1275 1892 1512 1935 Christianos

185 1961 424 2014 tradiderint,
444 1975 513 2002 nec
532 1961 720 2001 rationem
741 1960 999 2015 supprimendi
1019 1960 1218 2000 habuerint
1238 1959 1309 1998 viri
1330 1956 1511 1999 Christia-

185 2026 240 2064 nis
259 2026 448 2078 quondam
466 2037 546 2067 tam
566 2023 694 2066 infensi
711 2026 892 2066 miserum
916 2026 1062 2066 exitum
1075 2059 1084 2076 ,
1104 2024 1204 2064 stem
1224 2023 1301 2062 vita
1337 2035 1417 2062 non
1451 2025 1509 2063 in-

186 2088 343 2143 dignum
365 2123 376 2144 ,
406 2091 434 2133 fi
469 2088 577 2133 domi
611 2088 693 2130 suae
726 2090 924 2143 quicquam
968 2090 1016 2130 de
1049 2101 1099 2130 eo
1132 2085 1370 2130 audiuissent.

749 2153 785 2194 1<
803 2153 828 2193 k
847 2153 870 2193 k
891 2163 915 2202 3
1154 2164 1155 2167 ’
1442 2150 1510 2192 At-
