2044 2735
178 98 726 146 CVRI‘LISOLYMHCI
744 97 902 142 APVD
923 99 1103 145 ELEOS
1118 99 1375 144 VICTORE
1408 112 1496 151 427·

178 221 289 262 tuerit
340 220 611 274 propositum:
665 231 777 272 quare
828 221 924 260 nihil
973 220 1034 260 hic
1085 221 1168 260 addi
1207 233 1303 275 opus
1333 220 1494 260 videtur.

295 284 522 338 Progredior
564 283 716 323 tandem
760 284 805 323 ad
838 285 1033 324 tentandas
1075 286 1169 324 xircs
1200 286 1238 324 in
1271 285 1498 338 requirendo

179 359 388 402 tempore,
433 360 511 401 quo
550 347 766 388 Alcibiades
806 348 995 401 Olympia
1034 348 1161 388 viciffe
1194 362 1280 388 cum
1323 350 1499 389 maxima

176 412 506 453 veriliniilitudine
555 412 628 450 dici
679 410 805 464 possit.
874 413 921 452 ln
963 424 1039 465 quo
1078 412 1197 451 fateor
1237 424 1317 451 non
1362 426 1495 465 pamm

178 477 249 517 ess'e
283 476 544 526 obscuritatis,
587 474 787 528 postquam
829 487 966 514 eorum
1017 474 1149 528 scripta
1190 476 1493 527 interciderunt,

176 542 241 594 qui
275 542 417 580 curiose
433 548 723 589 annotauernnt,
759 538 839 591 quis
872 539 909 577 in
942 539 1075 591 quouis
1106 539 1361 579 certaminum
1383 552 1494 593 gene-

174 617 216 644 re
255 604 458 644 victoriam
490 602 528 641 in
562 602 788 654 Olympicis
819 602 1088 642 certaminibus
1122 606 1382 656 reportauerit.
1418 603 1497 643 Ta-

175 668 210 708 le
243 667 311 708 fuit
349 679 444 720 opus
485 664 843 707 PHLEGONTIS
887 664 1236 716 TRALLIANI,
1276 668 1377 708 cuius
1417 668 1498 721 spe-

175 733 305 772 cimen
340 731 448 772 nobis
479 732 710 770 conseruauit
742 728 977 770 PHOTIVS
1010 730 1098 770 Cod.
1136 728 1310 771 XCVII.
1345 732 1410 772 vbi
1440 744 1498 771 re«

179 794 444 848 cognoscimus
475 794 573 846 illos,
606 795 672 848 qui
704 806 773 848 per
807 794 948 848 singula
983 794 1235 835 certaminum
1272 808 1408 848 genera
1439 796 1499 836 vi-

176 859 303 900 stores
336 860 484 899 fuerunt
515 858 755 912 Olympiade
796 856 1052 898 CLXXVII.
1119 858 1344 899 Adl'cribam
1382 859 1501 913 parti·

176 923 302 964 culam
331 933 489 973 eorum,
515 935 611 977 qnae
639 923 684 962 ad
699 923 848 963 curules
873 934 1035 962 coronas
1059 922 1278 975 pertinent,
1305 936 1393 977 quas
1409 932 1500 965 tunc

177 997 395 1028 meruerunt
427 986 692 1027 Aristolochus
724 987 843 1028 Eleus
877 986 1146 1043 reegiwwqi,
1181 988 1363 1039 Agemon
1386 987 1502 1028 Eleus

175 1047 358 1103 κέλητι,
390 1050 608 1091 Hellanicus
642 1051 757 1092 Eleus
774 1048 956 1108 συνωρίδι
975 1061 1014 1090 et
1032 1049 1222 1103 «πωλικῷ
1238 1050 1502 1107 τεθξίωπῳ,

184 1114 328 1156 Ctesias
362 1115 472 1156 Eleus
504 1113 688 1177 πωλικῇ
716 1112 897 1173 wrogi&
914 1148 926 1169 ,
961 1112 1157 1170 Callippus
1181 1115 1298 1157 Eleus
1317 1113 1503 1170 «πωλικῷ

179 1177 338 1229 κέλητι.

179 1243 227 1286 ld
267 1255 365 1284 vero
404 1241 623 1296 Phlegontis
668 1256 767 1297 opus
807 1244 1001 1297 integrum
1051 1244 1197 1285 exstare
1217 1278 1228 1296 ,
1269 1244 1419 1299 esseque
1462 1245 1501 1287 id

180 1308 306 1362 ipsum
326 1340 338 1359 ,
371 1307 474 1361 quod
505 1304 784 1351 SCALIGER
824 1321 915 1348 cum
950 1305 1107 1349 Graecis
1135 1308 1356 1351 EVSEBII
1391 1307 1501 1350 chro-

184 1371 372 1425 nologicis
403 1371 554 1423 edidit,
585 1371 690 1413 docti
723 1373 794 1413 viri
829 1371 956 1412 frustra
987 1373 1153 1413 omnino
1185 1375 1421 1414 contendunt
1440 1373 1505 1414 ad-

183 1434 309 1476 versus
342 1436 462 1489 ipsum
483 1433 742 1489 Scaligerum‚
776 1437 937 1490 ingenue
954 1436 1000 1476 ad
1034 1437 1183 1478 calcem
1216 1450 1391 1479 notarum
1426 1437 1503 1478 sua-

184 1511 274 1540 rum
308 1498 547 1554 profieffum,
579 1501 683 1554 quod
716 1500 821 1542 illam
862 1494 1186 1556 Ὀλυμπιάδων
1226 1497 1508 1559 οἰναγξαφῆν,

186 1575 303 1617 quam
337 1563 424 1618 post
457 1560 766 1607 NICEPHORI
799 1565 1035 1618 patriarchae
1068 1565 1418 1620 chronographiam
1445 1566 1510 1606 de-

187 1627 274 1680 dit,
309 1640 478 1683 quaeque
512 1628 618 1681 prior
651 1641 735 1682 pars
766 1629 820 1669 est
854 1626 931 1677 τΐίς
964 1628 1235 1685 συναγωγῆἴς
1274 1629 1478 1686 ῖστσξικῆς
1498 1663 1510 1683 ,

187 1692 331 1745 partim
374 1704 427 1733 ex
468 1692 578 1732 editis
597 1724 608 1743 ,
649 1694 788 1746 partim
830 1704 883 1732 ex
917 1693 1090 1734 nondum
1132 1695 1238 1734 editis
1272 1695 1509 1747 scriptoribus

189 1755 402 1809 collegerit.
467 1756 606 1810 Neque
640 1764 867 1810 argumento
902 1755 974 1796 effe
1009 1758 1163 1810 potest,
1197 1759 1300 1812 quod
1317 1758 1509 1811 Phlegon-

191 1826 271 1859 tem
311 1819 374 1860 hic
413 1819 647 1872 habeamus,
688 1822 773 1874 quia
805 1820 851 1860 ad
887 1820 1168 1875 Olympiadem
1214 1832 1312 1871 177.
1349 1822 1510 1874 legimus

191 1892 264 1933 ea,
303 1895 396 1936 quae
435 1896 484 1924 ex
527 1883 740 1938 Phlegonte
784 1883 943 1924 Photius
983 1897 1162 1938 excerpta
1197 1898 1267 1938 pio
1299 1887 1507 1939 specimine

193 1943 292 1985 illius
324 1947 448 1999 operis
481 1948 663 1988 dederat:
702 1960 844 2002 nempe
877 1948 975 2001 apud
1011 1948 1192 1989 Photium
1229 1949 1325 1989 icem
1347 1949 1506 1989 insnum

192 2005 372 2062 scriptum
390 2010 573 2050 transtulit
587 2009 781 2065 Scaliger:
824 2012 982 2066 perinde
1010 2023 1053 2052 vt
1072 2011 1218 2054 GVlL.
1240 2012 1436 2053 LLOYD
1469 2016 1507 2055 in

195 2070 258 2114 sua
296 2072 388 2114 serie
430 2074 705 2129 chronologica
744 2076 869 2116 eidem
905 2076 1131 2131 Olympiadi
1164 2077 1315 2118 eosdem
1346 2078 1512 2118 victores

764 2139 803 2179 H
823 2139 851 2180 h
869 2138 897 2180 h
920 2151 944 2177 2
1449 2143 1509 2183 ad-
