2044 2735
175 143 643 194 oesfflmromfis
680 142 1224 191 METEOROLOGICAE
1263 153 1333 192 etc.
1402 148 1500 203 375·

298 262 338 308 ξ.
361 279 399 305 2.
438 266 616 319 Apparet
657 279 707 306 ex
741 265 801 306 his
841 264 1100 306 altitudinibus
1140 263 1391 319 Barometri,
1434 278 1497 308 ea-

180 343 264 370 rum
301 332 515 371 unximam
551 330 625 370 hoc
660 342 761 370 auno
795 328 902 370 fiiiffc
939 343 1010 379 30.
1047 339 1103 377 73
1127 361 1139 381 ,
1173 342 1269 384 quae
1302 330 1496 372 obseruata

180 393 247 434 firit
288 395 349 435 die
387 408 427 443 5.
472 392 730 445 Decembris,
782 394 881 433 circa
932 393 1167 444 meridiem,
1217 395 1255 434 in
1295 393 1499 435 serenitate

179 456 345 510 perfec‘ta
380 458 472 497 illius
507 457 615 497 solius
654 458 729 497 diei
763 456 860 496 iuter
894 456 1186 509 praecedentem
1226 466 1265 496 et
1298 458 1495 512 insequen-

180 530 262 560 tem
286 555 296 573 ,
330 523 491 574 spirante
533 521 640 560 nullo
672 529 792 559 rento
823 519 979 559 sensibili
998 553 1009 572 ,
1051 520 1113 559 sed
1144 519 1282 572 frigore
1312 532 1498 574 regnante

181 586 397 637 praeduro,
443 585 489 624 ad
527 596 596 624 12.
639 585 775 636 gradus
816 595 958 636 nempe
1002 581 1094 624 iufra
1140 595 1166 623 o
1200 582 1497 626 Thermometri

181 648 501 689 F·.ilu·eulieiti·.mi.
570 647 671 703 Quia
710 657 838 687 autem
867 646 962 686 haec
989 646 1145 688 altitudo
1170 648 1344 688 maxima
1359 649 1462 690 illam
1483 681 1496 701 ,

180 724 273 765 quae
313 724 414 752 anuo
461 721 577 761 1737
621 710 815 751 obseruata
853 709 922 750 fuit
957 721 1028 758 30.
1065 721 1122 760 95
1148 742 1158 761 ,
1192 724 1277 753 non.
1303 713 1492 754 excedit:

181 775 276 815 haec
324 776 535 816 etiamnum
585 785 718 814 manet
766 775 945 815 omniurn
986 775 1050 815 hic
1092 774 1170 815 loci
1214 774 1501 819 obieruamrum

181 840 371 880 maxima.
439 838 608 879 Minima
641 836 863 879 Barometri
896 838 1054 880 altitudo
1084 837 1162 879 hoc
1195 852 1301 881 anno
1332 839 1402 881 filit
1423 847 1498 882 28.

182 907 237 950 63
263 936 274 955 ‚
317 915 410 958 quae
454 902 646 942 obseruata
683 903 751 942 fuit
788 903 850 943 die
893 912 966 949 30.
1014 903 1282 956 Nouembris,
1320 914 1501 959 tempore

180 966 312 1007 nubilo
332 1000 343 1019 ,
384 966 543 1008 cadente
582 967 734 1007 modica
769 967 886 1007 niue.
920 966 1038 1007 flante
1069 964 1156 1007 forti
1198 964 1497 1023 Borea-Zephi-

179 1043 227 1071 ro
248 1064 258 1082 ,
289 1039 328 1070 et
358 1031 502 1084 frigore
545 1030 852 1071 mediocritatem
898 1039 1065 1071 tenente.
1135 1031 1247 1088 Quae
1279 1032 1394 1086 igitur
1428 1033 1504 1076 mi-

180 1096 285 1134 nima
315 1094 475 1134 altitudo
510 1093 618 1134 huius
648 1094 757 1144 anni,
792 1106 883 1134 cum
916 1096 1112 1134 inuentam
1130 1094 1168 1134 in
1187 1097 1505 1149 praecedentibus

181 1158 316 1209 annis,
355 1165 425 1200 28.
466 1163 518 1199 18
545 1190 556 1208 ‚
588 1156 754 1211 superet:
788 1167 919 1198 manet
948 1157 1072 1198 adhuc
1106 1158 1213 1200 idem
1244 1160 1406 1213 spatium
1434 1172 1504 1201 va-

180 1222 390 1262 tiationum
426 1219 778 1263 Burometricarum
819 1230 932 1262 antea
963 1221 1198 1273 stabilitum,
1233 1223 1418 1265 nimirum
1456 1237 1499 1265 2.

187 1295 260 1334 77.
297 1282 469 1339 Suntque
503 1285 623 1326 etiam
657 1285 777 1326 adhuc
813 1286 1041 1326 variationes
1074 1285 1289 1326 menstruae
1312 1288 1351 1328 in
1369 1288 1506 1342 primis

186 1358 222 1389 et
257 1349 401 1390 vltimis
433 1348 521 1389 anni
557 1349 744 1390 mensibus
779 1350 963 1402 maiores,
994 1350 1163 1390 minores
1194 1360 1321 1391 autem
1354 1353 1502 1392 mediis.

303 1413 323 1460 §
365 1420 386 1456 8
438 1414 610 1454 Auroras
641 1412 822 1454 Boreales
851 1413 926 1453 hoc
959 1426 1061 1454 anno
1080 1413 1270 1454 obseruaui
1287 1413 1502 1468 sequentes:

189 1486 320 1530 1741.
353 1476 518 1519 Ianuarii
564 1489 634 1517 10.
682 1477 773 1519 Lux
807 1475 930 1517 Borea
951 1510 962 1529 ‚
1005 1477 1136 1518 multis
1169 1477 1286 1530 virgis
1318 1478 1498 1531 pallidis,

686 1541 870 1582 verticem
908 1541 1021 1595 vsque
1039 1540 1323 1582 ascendentibus
1339 1575 1350 1593 ‚
1386 1552 1498 1595 atque

683 1606 801 1645 etiam
841 1617 929 1644 arcu
965 1604 1123 1657 lucido,
1165 1606 1365 1657 conspicua
1385 1638 1396 1656 ,
1429 1606 1500 1646 du-

683 1681 767 1709 rans
796 1668 910 1721 vsque
945 1668 990 1708 ad
1025 1667 1163 1709 horam
1196 1667 1342 1709 sextam
1376 1679 1505 1710 matu-

682 1733 802 1772 tinam
835 1732 912 1772 diei
943 1731 1138 1785 sequentis.

559 1811 578 1839 ι
587 1806 629 1846 5.
676 1795 767 1837 Lux
798 1792 924 1836 Borm
956 1795 1167 1849 irregularis
1185 1829 1196 1850 ,
1229 1795 1331 1838 haud
1354 1795 1418 1838 diu
1438 1797 1507 1838 du-

685 1871 784 1900 rans.

554 1926 624 1964 16.
677 1923 768 1964 Lux
802 1919 931 1962 Borea
965 1922 1108 1963 debilis.

345 1984 523 2028 Februari
575 2000 617 2037 3.
678 1987 770 2028 Lux
801 1983 928 2027 Borea
957 1987 1160 2027 ordinaria.

568 2064 612 2100 4.
674 2050 767 2091 Lux
798 2047 924 2090 Borea
957 2050 1151 2090 nubeculis
1182 2050 1389 2104 permixta.

572 2124 611 2164 5.
671 2113 761 2156 Lux
791 2111 916 2154 Borea
948 2112 1102 2154 humilis
1132 2123 1173 2153 et
1206 2114 1342 2168 quieta.

1424 2185 1498 2223 23.
