2044 2735
564 137 618 166 20
627 138 650 164 2
842 121 928 167 DE
960 119 1266 166 DESCENSV
1299 119 1335 164 C
1337 120 1569 168 ORPORV
1567 126 1620 167 M

561 253 615 282 no
645 240 828 281 inclinato
861 241 1075 292 incumbit,
1109 240 1274 295 hincque
1308 243 1504 284 minorem
1544 242 1766 283 frictionem
1802 257 1862 297 pa-

559 305 671 344 tiatur
711 302 861 345 necesse
903 305 970 346 cst.
1035 305 1136 345 Tam
1179 306 1275 345 ratio
1320 307 1425 346 enim
1477 319 1593 359 quam
1633 308 1868 359 experientia

557 368 674 408 docet
695 403 706 421 ,
740 381 816 422 quo
848 370 987 410 maiori
1021 370 1061 409 vi
1096 368 1201 408 idem
1235 381 1372 422 corpus
1405 381 1537 408 contra
1578 371 1679 409 idem
1715 370 1867 423 pianum

556 430 732 484 asperum
767 434 1033 485 apprimatur,
1067 432 1283 473 frictionem
1317 433 1356 473 in
1389 433 1523 472 eadem
1559 435 1702 473 ratione
1742 434 1868 485 augeri

556 494 707 535 debere.
774 496 903 551 Quare
945 509 1033 538 cum
1075 496 1162 547 vis,
1205 509 1277 549 qua
1309 509 1447 549 corpus
1472 495 1533 579 Bad
1568 496 1724 550 planum
1758 497 1867 535 incli-

555 575 687 606 natum
729 569 998 620 apprimetur,
1038 567 1185 608 constet
1225 568 1438 622 sitque—
1384 601 1439 606 -
1472 554 1547 619 {a}
1561 565 1619 617 P,
1654 567 1867 618 poterimus

555 627 666 670 huius
699 631 877 684 principii
907 644 984 685 ope
1023 643 1076 671 ex
1094 630 1269 671 frictione
1300 630 1472 684 corporis
1504 629 1612 682 super
1644 629 1693 681 pl
1694 641 1759 667 nio
1792 628 1866 670 AB

553 692 757 734 secundum
791 694 1037 735 horizontem
1071 694 1280 748 disposito,
1325 694 1575 748 quantitatem
1610 693 1868 733 sric‘tionisin-

553 755 679 809 serre,
718 770 834 811 quam
877 758 980 798 idem
1023 770 1160 811 corpus
1198 758 1305 812 super
1346 759 1483 798 eodem
1528 756 1644 809 plano
1687 757 1865 797 inclinato

554 820 730 873 patietur.
795 819 855 861 Sit
894 823 1010 874 igitur
1054 821 1083 862 F
1113 820 1267 872 frie'tio,
1301 834 1417 874 quam
1451 819 1610 873 planum
1644 818 1724 859 AB
1759 821 1864 861 hori-

550 884 706 924 zontale
754 883 892 926 filetum
942 885 1096 938 corpori
1136 883 1327 926 ELMD
1368 885 1433 925 fibi
1473 883 1658 936 impofito
1702 884 1862 934 obiicit,

552 948 654 999 quod
698 946 823 988 frie‘tio
864 948 1117 988 horizontalis
1160 948 1342 1002 appellari
1385 947 1506 988 solet:
1550 947 1731 999 quoniam
1784 948 1862 987 hoc

550 1009 634 1049 casu
665 1011 804 1064 preffio
837 1011 1000 1065 aequalis
1033 1012 1087 1052 est
1120 1012 1283 1065 ponderi
1316 1012 1388 1051 toti
1420 1011 1479 1061 P,
1512 1010 1583 1050 erit
1619 1009 1743 1050 frictio
1770 1012 1861 1050 eius-

551 1077 641 1118 dem
677 1081 849 1135 corporis
881 1084 989 1134 (uper
1018 1081 1136 1134 plano
1178 1081 1363 1121 inclinato
1395 1079 1539 1120 ΑΒ-
1487 1111 1541 1118 -,
1560 1068 1630 1132 {CB
1644 1080 1686 1120 F.

668 1142 704 1190 §-
726 1150 764 1185 8.
800 1144 1023 1197 Antequam
1056 1144 1319 1197 inuestigemns
1357 1143 1460 1183 vnde
1493 1153 1621 1184 motus
1660 1145 1864 1185 rotatorius

552 1207 755 1258 proueniat
773 1239 785 1259 ,
828 1216 940 1260 atque
980 1221 1027 1247 an
1062 1220 1202 1262 corpus
1242 1205 1409 1249 ELMD
1451 1216 1604 1248 motum
1636 1207 1860 1247 rotatorium

553 1266 597 1308 fit
636 1268 951 1323 concepturumZ
1001 1283 1188 1324 ponamus
1229 1283 1367 1323 corpus
1404 1270 1481 1311 hoc
1514 1269 1593 1309 solo
1626 1279 1738 1311 motu
1773 1282 1865 1322 pro-

550 1331 711 1382 greffiuo
743 1334 849 1386 super
881 1333 998 1387 plano
1029 1334 1209 1374 inclinato
1242 1334 1461 1374 descendere
1491 1335 1550 1372 seu
1584 1334 1632 1373 ad
1650 1343 1862 1386 corporum

549 1393 705 1437 classem
742 1397 934 1448 pertinere
967 1398 1003 1436 in
1039 1398 1170 1450 quibus
1211 1398 1271 1437 vis
1303 1397 1488 1438 fruitionis
1521 1396 1665 1436 nullum
1710 1407 1862 1437 motum

548 1459 780 1499 rotatorium
797 1460 1003 1511 producat,
1022 1460 1090 1500 etsi
1115 1461 1160 1501 ad
1179 1460 1252 1500 huc
1287 1461 1533 1513 ignoramus,
1575 1460 1616 1499 in
1651 1471 1729 1512 quo
1762 1459 1862 1499 ratio

548 1521 656 1562 huius
697 1522 752 1561 rei
787 1522 829 1562 fit
859 1523 992 1575 posita.
1062 1523 1234 1563 Primum
1277 1524 1391 1576 igitur
1423 1522 1662 1563 manifestum
1697 1523 1749 1562 est
1783 1522 1860 1562 hoc

549 1597 689 1636 corpus
743 1584 787 1624 ·1d
827 1595 980 1626 motum
1032 1586 1179 1626 incitari
1230 1599 1309 1626 non
1352 1584 1490 1640 poss'e,
1532 1585 1598 1625 nifi
1635 1585 1692 1624 xis
1711 1598 1863 1676 cvrgens

549 1653 661 1717 ¹91³
694 1658 817 1698 maior
849 1659 893 1698 sit
924 1658 1099 1699 frietionc
1131 1655 1201 1719 ξξ.
1217 1659 1273 1710 F,
1301 1658 1377 1699 hoc
1418 1657 1470 1698 est
1504 1656 1572 1697 nisi
1604 1656 1644 1696 fit
1694 1651 1836 1720 {>*'
1815 1693 1860 1717 P

548 1745 742 1799 Quoniim
782 1745 893 1797 igitur
926 1733 979 1796 ’,ζὲ
1012 1747 1178 1798 exponit
1222 1755 1438 1799 tangentem
1481 1742 1605 1796 anguli
1645 1741 1861 1785 eleuationis

547 1808 652 1862 plani
683 1805 794 1846 ABC
816 1839 827 1857 ‚
864 1809 989 1861 posito
1023 1808 1099 1848 sinu
1133 1818 1218 1847 toto
1253 1822 1308 1849 :z
1347 1822 1364 1846 1
1391 1841 1402 1859 ,
1436 1816 1539 1860 patet
1572 1806 1751 1858 quamdin
1793 1820 1859 1847 an-

547 1879 622 1931 guli
667 1878 704 1918 A
727 1875 814 1917 BC
857 1888 1014 1930 tangens
1051 1879 1180 1918 minor
1219 1880 1329 1919 fuerit
1371 1891 1483 1932 quam
1520 1866 1573 1930 Ξ,
1605 1887 1688 1918 tum
1721 1892 1859 1933 corpus

550 1951 735 1994 perpetuo
777 1943 815 1980 in
851 1942 975 1995 quiete
1017 1940 1092 1980 esse
1129 1942 1438 1994 permansurum:
1482 1941 1635 1981 simulac
1669 1954 1765 1982 vero
1800 1945 1858 1984 in-

547 2005 705 2043 dinatio
739 2005 839 2057 plani
876 2003 950 2044 ΑΒ
984 2015 1084 2044 tauta
1119 2005 1323 2056 statuatur,
1366 2015 1409 2044 vt
1443 2006 1522 2045 cius
1555 2015 1709 2057 tangens
1741 2019 1860 2046 exce-

549 2076 608 2114 dat
652 2075 820 2116 valorem
856 2064 876 2128 ¹1⁷-
915 2089 1051 2130 corpus
1082 2077 1302 2118 descendere
1335 2078 1512 2131 incipere<
1579 2078 1682 2119 Hinc
1705 2080 1857 2121 deduci-

1795 2153 1856 2184 tur
