2044 2735
180 153 496 200 ACADEMIA
529 155 768 199 MEDICA
786 155 1005 200 OBSERV
1024 153 1342 199 HISTORICA.
1408 168 1496 208 453

178 277 294 330 gione
346 275 639 326 Christianum,
690 275 752 329 qui
796 275 910 316 libros
959 276 1179 329 composuit
1218 275 1408 328 celebres,
1449 289 1501 317 cx

178 341 310 394 quibus
343 342 394 381 est
426 342 520 380 liber
553 340 924 380 medicamentorum
944 341 1248 393 compositorum
1272 371 1284 390 ‚
1319 352 1437 391 quem
1458 342 1499 382 in

177 405 409 444 nolocomiis
441 415 482 444 et
512 404 833 459 pharmacopoeis
860 403 1073 458 sequuntur,
1106 404 1403 457 rigintiduobus
1435 417 1499 446 ca·

177 469 319 522 pitibus
352 469 605 508 constantem.

294 532 423 586 Atque
445 565 454 582 ‚
499 541 542 571 vt
580 531 820 572 durationem
863 533 941 572 eius
984 531 1196 585 intelligas,
1231 531 1355 572 exstat
1395 533 1496 586 apud

175 594 535 637 ASSEMANVM
576 608 626 635 ex
662 596 828 636 concilio
869 597 922 637 A.
961 593 1008 635 C.
1046 594 1104 634 clo
1123 595 1352 636 cchVlII.
1389 596 1498 636 habi-

175 671 218 701 to
252 673 406 710 canon,
443 672 518 713 quo
550 659 650 711 illis,
684 660 748 712 qui
781 660 991 700 medicinae
1021 671 1182 712 operam
1202 660 1291 700 dare
1313 661 1495 715 cupiunt,

175 724 445 778 praescriptum
488 723 568 775 est,
611 723 746 776 quibus
787 734 894 763 antea
932 723 1070 763 imbuti
1112 724 1383 777 exercit-atique
1418 722 1494 765 effe

173 788 335 829 debeant
355 821 365 840 ,
399 799 513 841 quam
546 788 591 828 ad
625 787 892 828 nolocomium
921 788 1180 828 admittantur.
1249 787 1498 829 Notandum-

173 865 247 906 que
279 851 331 892 est
353 884 364 902 ,
395 851 496 904 quod
530 851 621 891 illud
654 852 860 892 concilium
895 853 931 892 in
966 851 1036 891 hac
1071 851 1339 892 constitutione
1365 853 1496 906 lequu-

174 925 256 956 tum
289 915 402 955 fuerit
442 915 557 968 longe
597 916 852 968 antiquiorem
874 948 884 965 ,
928 928 1042 969 quam
1078 915 1290 968 patriarcha
1323 913 1493 956 Sabaric-

173 980 228 1020 sus
261 980 359 1019 circa
391 979 444 1019 A.
481 977 527 1018 C.
563 980 670 1019 laccc
689 978 918 1020 XXXIIII.
953 980 1190 1020 condiderat.

288 1042 469 1084 Medic-ae
519 1043 612 1083 illius
663 1043 815 1085 scholae
866 1053 980 1096 caput
1026 1044 1127 1084 idem
1182 1042 1290 1084 fuisse
1343 1044 1494 1085 videtur

171 1107 377 1162 praefectus
407 1104 632 1147 nosocomio
651 1140 662 1160 ‚
696 1110 757 1149 cui
791 1108 935 1158 ceteri,
969 1108 1031 1162 qui
1064 1108 1103 1147 in
1139 1109 1332 1148 medicina
1353 1108 1493 1148 docen-

171 1172 246 1222 da,
294 1170 490 1222 facienda,
543 1171 761 1213 dilcendaue
811 1172 1121 1224 occupabantur,
1173 1172 1402 1213 subordinati
1455 1182 1493 1212 et

167 1235 323 1275 subiec‘ti
365 1234 522 1275 fuerunt.
592 1235 870 1290 Metropolitae
911 1246 1039 1276 autem
1083 1234 1149 1275 suit
1183 1236 1239 1276 ius
1271 1235 1491 1289 supremum

169 1311 305 1339 omues
345 1311 402 1339 res
442 1297 590 1340 scholae
634 1301 825 1340 vuinus-ae
867 1299 1150 1340 administrandi
1200 1310 1237 1339 et
1279 1300 1490 1353 dirigendi:

168 1362 208 1402 in
243 1375 321 1417 quo
353 1362 460 1416 saepe
492 1365 557 1415 qui
588 1363 682 1404 mali
714 1374 821 1404 erant
863 1374 902 1403 et
934 1365 1081 1404 auaritia
1114 1364 1400 1415 contaminati,
1437 1363 1491 1403 ita

165 1427 250 1468 sunt
284 1425 451 1477 versati,
497 1436 541 1466 vt
574 1439 650 1468 non
684 1441 818 1481 parum
858 1439 917 1468 res
952 1429 1190 1468 turbarentur
1212 1459 1223 1478 ,
1258 1438 1297 1467 et
1331 1438 1494 1468 contro·

166 1490 305 1531 versiae
335 1490 496 1544 insignes
526 1492 764 1545 agitarentur.
832 1491 877 1533 Id
911 1491 976 1530 vbi
1010 1491 1228 1542 incidebat,
1262 1503 1320 1532 res
1350 1492 1396 1532 ad
1416 1489 1492 1532 Ca—

166 1553 354 1595 tholicum
391 1553 654 1607 deferebatur,
690 1556 730 1597 id
763 1556 817 1596 est
837 1587 848 1606 ,
884 1555 929 1595 ad
961 1554 1180 1609 supremum
1211 1556 1312 1595 inter
1346 1557 1492 1609 episco-

165 1630 238 1673 pos
271 1618 522 1660 Nestorianos
562 1619 814 1673 patriarcham
836 1652 847 1670 ,
880 1618 941 1658 cui
975 1619 1265 1672 metropolitani
1299 1629 1336 1658 et
1369 1621 1492 1672 singu-

165 1683 290 1723 larum
334 1681 559 1723 dioeceseon
598 1684 781 1724 antistites
828 1682 982 1723 lubicCti
1025 1692 1138 1723 erant.
1206 1681 1362 1723 Discere
1412 1684 1490 1724 hoc

163 1745 254 1786 licet
286 1759 339 1788 ex
372 1746 488 1801 longa
525 1747 740 1789 narratione
770 1745 1042 1788 dissensionum
1062 1781 1072 1798 ‚
1107 1759 1203 1800 quae
1233 1747 1366 1787 saeculi
1394 1749 1489 1788 noni

161 1810 298 1851 medio
329 1811 429 1852 inter
457 1810 661 1853 Marabam
694 1810 989 1866 metropolitam
1016 1810 1296 1864 Gandifiiporae
1327 1821 1363 1852 et
1381 1811 1491 1853 scho-

161 1872 241 1915 lam
281 1875 430 1917 fuerant
461 1885 588 1929 ortae,
631 1886 744 1930 atque
783 1876 883 1929 apud
925 1874 1192 1916 Abrahamum
1238 1872 1488 1917 Catholicum

160 1937 214 1978 ita
246 1938 502 1993 disceptatae,
534 1949 580 1980 vt
612 1940 941 1994 Metropolitanus
975 1940 1079 1979 causa
1111 1939 1292 1991 caderet·⁷
1327 1939 1374 1978 c'e
1409 1952 1486 1992 quo

163 2001 349 2043 videndus
381 2004 434 2045 est
465 2003 804 2047 ASSEMANVS
838 2004 941 2046 Tom.
979 2003 1055 2045 ΙΙΙ.
1089 2011 1179 2057 pag.
1222 2008 1324 2052 508.
1350 2014 1453 2052 509.

281 2064 405 2107 Porro
435 2067 484 2108 de
513 2068 584 2109 hac
615 2068 745 2111 schola
785 2068 938 2109 medica
979 2067 1070 2109 illud
1103 2066 1203 2107 mihi
1234 2077 1486 2120 compertum

160 2129 244 2184 est,
278 2131 382 2186 quod
413 2131 609 2176 iuuenibus
638 2146 718 2176 non
752 2132 899 2173 licuerit
932 2131 1058 2174 statim
1089 2131 1124 2172 se
1159 2131 1203 2173 ad
1237 2141 1360 2172 artem
1396 2132 1488 2172 salu-

766 2195 907 2245 Llla
1365 2206 1486 2236 tarem
1533 2227 1539 2233 .
