2044 2735
198 134 385 180 SVPER
422 136 615 182 PLANO
652 135 1054 183 HORIZONTALI
1095 138 1329 185 ASPERO.
1416 154 1501 194 225

196 264 242 295 vt
276 255 365 295 haec
401 257 458 295 vis
491 257 700 307 inclinans,
739 258 764 297 si
796 258 876 297 axis
907 270 974 310 per
1007 267 1179 298 centrum
1214 260 1405 312 grauitatis
1424 273 1510 301 cor-

197 322 302 372 poris
351 321 508 370 transit,
560 322 705 373 prorsus
747 320 968 370 euanescat,
1010 319 1158 373 hocque
1204 323 1283 362 calu
1326 324 1423 363 nulla
1467 325 1508 364 vi

196 396 292 435 opus
333 385 406 423 erit
447 385 491 423 ad
533 397 647 423 axem
692 385 730 422 in
772 384 837 424 situ
879 386 942 423 suo
974 384 1218 425 detinendum
1242 417 1252 435 ,
1297 387 1354 426 scd
1389 389 1508 428 etiam

197 447 224 488 si
259 460 335 486 non
372 448 414 487 iit
447 447 568 500 fixus,
603 447 668 487 suo
701 447 836 500 sponte
869 449 906 486 in
938 447 1078 487 eodem
1114 459 1302 502 perpetuo
1333 450 1400 490 situ
1419 464 1506 505 per-

193 511 386 551 seuerabit.

314 575 346 623 ς.
376 580 412 615 8.
447 574 624 628 Apparet
667 585 758 625 ergo
793 573 883 626 quid
915 574 1135 627 requiratur,
1171 584 1215 614 vt
1248 586 1388 628 corpus
1420 577 1508 617 soli-

192 637 287 677 dum
332 639 430 677 circa
471 650 590 677 axem
629 637 885 690 quempiam,
928 639 993 691 qui
1037 637 1138 678 nulla
1179 639 1221 677 vi
1258 639 1295 677 in
1340 640 1406 680 situ
1441 642 1506 680 [uo

193 702 432 748 detineatur,
466 701 583 740 libere
619 701 745 754 gyrari
781 711 904 753 queat.
973 701 1150 742 Primum
1185 702 1323 742 scilicet
1355 703 1506 744 neceffe

191 764 265 815 est,
300 774 344 804 rt
378 776 460 803 axis
492 765 555 803 ille
588 775 658 817 per
688 774 867 804 centrum
902 765 1091 817 grauitatis
1125 766 1503 819 corporistranseat:

191 828 326 868 deinde
359 827 479 867 etiam
513 828 659 880 insuper
690 840 787 881 opus
820 828 900 868 est:
937 840 980 868 vt
1000 829 1098 868 vires
1117 829 1340 870 inclinantes
1359 863 1370 882 ,
1405 844 1504 885 quae

188 903 243 931 ex
276 891 419 930 viribus
458 890 671 943 centrifiigis
713 892 879 945 partium
914 893 1089 945 corporis
1119 893 1322 943 oriuntur,
1357 893 1392 934 se
1418 908 1503 937 mu-

189 963 258 994 tuo
299 954 448 1008 prorsus
488 955 691 994 destruant.
753 955 898 1010 Quodsi
940 968 1033 1008 crgo
1073 967 1210 1008 corpus
1251 957 1351 997 circa
1382 959 1503 1000 talem

184 1030 307 1058 axem
341 1020 562 1071 conceperit
595 1028 751 1061 motum
782 1019 1014 1059 rotatorium
1036 1052 1047 1070 ,
1091 1029 1175 1060 tum
1211 1019 1312 1060 hunc
1345 1031 1504 1063 motum

187 1082 326 1122 eadem
361 1082 566 1121 velocitate
608 1092 797 1135 perpetuo
838 1082 1105 1133 conserti-abit,
1138 1095 1260 1136 neque
1294 1083 1370 1124 vlla
1405 1098 1503 1139 opus

186 1146 258 1185 erit
291 1146 330 1184 vi
363 1155 525 1185 externa
558 1158 655 1198 quae
689 1157 807 1184 axem
837 1146 1036 1185 rotationis
1068 1147 1107 1185 in
1133 1146 1202 1186 situ
1229 1146 1293 1187 suo
1326 1148 1501 1189 retineat.

184 1207 249 1251 Sic
283 1208 415 1261 globus
446 1221 499 1247 ex
534 1209 695 1248 materia
730 1208 975 1262 homogenea
1008 1209 1205 1249 confectus
1235 1211 1336 1250 circa
1366 1225 1503 1265 quem-

185 1273 246 1312 vis
279 1284 396 1312 axem
429 1284 498 1326 per
531 1282 707 1312 centrum
742 1272 928 1324 grauitatis
961 1271 1215 1313 transeuntem
1251 1275 1368 1314 libere
1389 1288 1502 1328 gyra-

187 1336 315 1386 bitur,
351 1337 438 1390 quia
471 1336 524 1375 ob
557 1335 770 1389 perfectam
805 1337 969 1389 rudique
1002 1336 1292 1377 similitudinem
1324 1338 1423 1378 nulla
1445 1340 1502 1379 vis

185 1410 324 1450 extat,
365 1411 460 1454 quae
504 1412 623 1440 axem
667 1399 846 1439 inclinare
891 1410 1062 1440 conetur.
1126 1402 1263 1440 Axcm
1297 1400 1368 1441 hac
1402 1415 1501 1455 pro-

185 1465 350 1518 prietate
393 1463 607 1517 praeditum
658 1463 810 1502 vocabo
857 1475 976 1503 axem
1018 1474 1338 1516 permanentem,
1388 1475 1501 1519 atque

183 1527 407 1568 huiusmodi
442 1527 577 1567 axium
613 1526 850 1579 inuestigatio
885 1527 1113 1580 plerumque
1145 1528 1197 1568 est
1228 1529 1408 1568 maxime
1429 1528 1502 1569 dis-

182 1591 319 1632 ficilis:
366 1592 595 1645 primarium
636 1590 760 1630 casum
796 1589 942 1630 notasse
974 1590 1160 1642 sufficiat,
1204 1604 1281 1643 quo
1313 1594 1396 1631 axis
1430 1605 1500 1645 pet

179 1667 358 1696 centrum
404 1656 599 1708 grauitatis
631 1654 765 1694 ductus
799 1653 910 1696 simul
945 1667 1015 1708 per
1056 1654 1283 1707 singularum
1328 1658 1501 1709 corporis

177 1720 393 1760 sectionum
429 1719 475 1758 ad
509 1731 627 1760 axem
661 1718 895 1758 norm-alium
937 1728 1068 1758 centra
1113 1719 1304 1770 grauitatis
1337 1720 1498 1761 transit:

179 1792 262 1824 tum
293 1784 397 1823 enim
418 1795 459 1822 ea
478 1783 654 1836 gaudebit
685 1782 942 1836 proprietate,
983 1793 1078 1836 quae
1111 1782 1158 1822 ad
1191 1795 1312 1823 axem
1344 1796 1497 1838 perma-

179 1857 338 1887 nentem
372 1847 586 1899 requiritur.

299 1910 333 1957 ξ.
358 1923 400 1959 9.
443 1908 593 1964 Corpus
634 1909 779 1963 igitur,
821 1909 924 1964 quod
965 1909 1063 1949 circa
1105 1907 1327 1950 huiusmodi
1379 1922 1498 1952 axem

181 1983 478 2025 permanentem
529 1973 648 2014 semel
701 1974 883 2026 adeptum
931 1973 984 2013 cst
1025 1982 1184 2013 motum
1236 1974 1498 2027 rotatorium,

181 2035 282 2075 hunc
334 2035 456 2087 ipsum
507 2046 664 2078 motum
715 2048 904 2090 perpetuo
943 2037 1178 2076 conseruabit
1227 2037 1496 2088 vniformcm‚

181 2110 302 2151 neque
344 2098 463 2137 vllam
507 2101 667 2151 patietur
698 2100 773 2142 fine
821 2101 861 2141 in
894 2101 1091 2142 celeritate
1128 2100 1204 2143 siue
1236 2101 1277 2141 in
1308 2100 1499 2155 positione

245 2158 355 2205 Tom.
391 2161 439 2203 X
443 2161 522 2202 111.
831 2162 904 2205 Ff
1414 2163 1498 2205 axis
