2044 2735
544 130 632 171 4⁶32
786 115 869 160 DE
902 115 1035 160 ALCI
1040 117 1099 162 131
1104 114 1225 161 ΑΒΕ
1267 113 1633 162 CERTAMINIS

541 238 598 278 ire
638 236 721 277 illos
760 244 798 277 et
835 236 882 278 ab
914 235 956 276 iis
986 233 1114 277 Poss‘et
1153 235 1348 276 discedere.
1416 232 1456 287 Si
1499 246 1595 277 vero
1635 233 1745 276 alicui
1786 233 1853 277 du·

541 302 649 342 bium
682 300 756 352 fit,
788 313 836 340 an
870 310 1031 354 propter
1063 299 1229 341 inducias
1262 299 1342 340 illas
1371 299 1552 340 militibus
1583 298 1650 339 suis
1688 300 1853 352 impera-

542 375 644 406 tores
684 364 923 418 permiserint
953 364 1124 405 diffluere
1159 374 1196 405 et
1230 377 1252 404 a
1285 364 1397 416 signis
1428 372 1509 404 tam
1541 363 1657 415 longe
1696 362 1855 403 discede-

542 442 611 470 re:
644 428 743 469 aliud
784 429 948 469 omnino
986 429 1159 469 succurrit
1196 440 1250 467 ex
1288 425 1640 468 THVCYDIDIS
1682 436 1853 472 accurata

542 491 809 546 descriptione.
880 491 966 533 Fuit
997 493 1104 533 euim
1137 491 1216 532 sero
1257 491 1417 532 demum
1461 491 1672 532 anctumno
1711 491 1854 544 raptim

542 566 583 597 et
624 556 747 597 subito
794 555 955 610 suscepta
977 587 988 606 ,
1032 566 1071 596 et
1114 556 1237 610 potius
1276 555 1472 609 repentina
1511 555 1673 609 irruptio
1692 587 1703 607 ,
1743 565 1855 608 qnam

544 620 636 660 iusta
666 629 705 660 et
736 620 896 672 prouide
929 619 1096 660 instituta
1128 618 1360 672 expeditio,
1399 620 1501 660 cuius
1534 628 1737 673 propterea
1779 618 1858 657 suc·

542 681 660 724 cessus
699 692 906 736 conceptae
926 684 1002 737 spei
1024 683 1188 724 minime
1220 682 1483 736 respondebat.

661 746 791 800 Atque
822 745 917 786 haec
948 756 1044 801 puto
1082 746 1250 787 sufficere
1289 746 1334 786 ad
1367 745 1647 798 intelligendum
1668 778 1678 796 ,
1712 743 1855 784 nullam

541 809 623 851 effe
656 809 915 851 necessitatem
948 810 1154 852 victoriam
1185 809 1394 850 Alcibiadis
1425 809 1678 862 Olympicam
1705 808 1752 848 ad
1773 807 1853 848 Ma-

541 874 709 915 cedonas
737 873 784 914 ab
816 873 922 914 Eleis
954 873 1228 925 transferendi3
1263 874 1366 927 quod
1398 871 1611 914 docriffimo
1642 870 1856 914 BARNE-

540 936 632 981 Slo
672 936 794 977 visum
832 936 926 976 fuit:
969 947 1009 977 et
1050 938 1152 991 quod
1192 936 1404 979 PETRVS
1445 934 1626 977 FABER
1678 937 1718 974 in
1760 934 1856 974 illius

544 1001 732 1042 victoriae
773 1000 1021 1053 descriptione
1056 1001 1199 1041 nullum
1232 1000 1314 1040 suae
1345 999 1582 1054 persuasionis
1615 999 1662 1038 de
1696 998 1859 1052 pluribus

543 1065 672 1118 pretiis
706 1064 936 1117 singulorum
968 1067 1222 1105 certaminum
1256 1064 1465 1105 victoribus
1508 1061 1712 1118 propositis
1750 1073 1852 1115 prae

544 1128 678 1170 fidium
720 1139 866 1182 ponere
905 1127 1100 1168 debuisset.
1167 1128 1278 1169 Hand
1317 1128 1494 1181 equidem
1537 1126 1646 1179 spero
1693 1125 1774 1165 fore
1814 1134 1858 1165 vt

544 1191 679 1246 aliquis
714 1192 853 1243 credat,
887 1204 1040 1245 magnas
1079 1191 1206 1233 Fabro
1245 1192 1428 1245 suppetias
1465 1190 1552 1231 ferri
1591 1202 1612 1230 a
1645 1188 1856 1230 scholiastae

544 1254 791 1307 Thucydidei
825 1256 1046 1296 auctoritate
1066 1289 1076 1308 ,
1116 1257 1179 1309 qui
1213 1256 1329 1295 verba
1361 1256 1410 1295 sui
1447 1254 1663 1308 scriptoris,
1695 1249 1858 1294 ε’νικκσα

542 1315 590 1361 δὲ
627 1318 694 1360 καῖ
733 1314 915 1376 δεύτερος
955 1320 1016 1360 καὶ
1061 1315 1254 1376 τέταξτσς
1304 1314 1531 1374 ἐγενόμην,
1572 1319 1621 1358 ita
1663 1316 1855 1370 exponit:

542 1378 708 1434 ἐνίκησα
728 1379 785 1423 τά
805 1395 849 1424 τε
886 1381 1047 1440 fro-3827&
1069 1415 1080 1435 ,
1113 1383 1178 1423 καὶ
1212 1378 1269 1423 τὰ
1302 1379 1484 1438 &eL-rega,
1509 1380 1570 1422 nod
1593 1374 1648 1421 τοὶ
1667 1377 1858 1436 τέταρτα.

544 1447 657 1489 Hunc
700 1446 830 1487 locum
872 1448 1000 1487 videas
1040 1459 1132 1487 vere
1175 1447 1225 1486 ita
1265 1447 1497 1487 intellectum
1531 1458 1553 1485 a
1585 1445 1705 1485 doctis
1737 1443 1826 1484 viris
1847 1475 1857 1494 ‚

543 1521 589 1551 vt
620 1511 690 1550 tria
730 1511 897 1563 praemia
930 1511 1144 1551 Alcibiades
1182 1511 1457 1564 reportauerit‚
1490 1509 1680 1549 summum
1712 1507 1859 1558 seilicet,

542 1574 605 1615 seu
627 1571 825 1631 βξαβεῒῡν,
846 1574 970 1615 minus
988 1575 1138 1628 aliquod
1159 1575 1215 1614 ted
1234 1574 1280 1614 ab
1298 1573 1449 1614 summo
1471 1573 1709 1625 proximum,
1730 1581 1770 1611 et
1791 1571 1859 1610 de-

544 1639 659 1691 nique
678 1638 903 1688 minimum,
930 1638 1029 1692 quod
1048 1646 1221 1691 quartum
1238 1635 1322 1678 suit.
1362 1638 1574 1679 Enimuero
1594 1635 1685 1674 salua
1708 1647 1764 1674 res
1789 1633 1853 1672 est.

546 1701 648 1740 Vere
665 1700 758 1739 vicit
776 1701 990 1741 Alcibiades
1009 1697 1063 1740 τὰ
1091 1696 1256 1755 δεύτεξα
1283 1711 1321 1740 et
1347 1701 1401 1740 τοὶ
1427 1697 1617 1753 τέταρτα,
1638 1708 1676 1736 et
1709 1698 1759 1748 is,
1793 1695 1856 1748 qui

544 1765 585 1806 in
603 1763 818 1803 decretorio
837 1762 904 1802 illo
923 1764 1129 1803 certamine
1147 1764 1273 1802 tertius
1291 1761 1372 1812 fuit,
1390 1762 1484 1800 vicit
1503 1757 1556 1801 τά
1593 1766 1725 1815 rei-rec.
1769 1759 1858 1799 Hoc

547 1827 603 1868 est
644 1826 813 1866 vicerunt
853 1825 1001 1879 qiliiqne
1044 1826 1080 1864 in
1121 1825 1276 1865 secunda
1296 1858 1306 1876 ,
1349 1824 1455 1864 tertia
1489 1834 1528 1863 et
1561 1835 1690 1876 quarta
1732 1819 1856 1876 τάέες.

547 1889 624 1933 Sed
650 1889 839 1930 debebant
871 1888 911 1928 hi
943 1889 1109 1929 vietores
1142 1889 1236 1929 inter
1270 1889 1302 1928 se
1336 1900 1452 1941 porro
1470 1888 1662 1928 decertare
1687 1896 1764 1928 tam
1783 1886 1861 1936 diu,

547 1956 671 1996 donec
707 1965 802 1993 vnus
834 1964 971 1992 omnes
1011 1952 1174 2005 reliquos
1207 1951 1400 1992 manifeste
1441 1948 1603 1992 vicisset.
1666 1952 1795 2004 Atque
1815 1961 1860 1988 v-

550 2030 619 2061 nus
653 2018 682 2057 is
715 2015 829 2057 fiebat
861 2015 1136 2070 Olympionica
1172 2015 1248 2055 cius
1278 2015 1513 2066 certaminis,
1547 2015 1584 2053 in
1618 2026 1696 2068 quo
1728 2024 1862 2053 omncs

547 2080 801 2136 antagonistas
834 2080 990 2122 vicerat.
1056 2077 1269 2121 Clarissima
1300 2079 1381 2121 sunt
1412 2079 1527 2120 verba
1546 2076 1860 2182 PAVSANIle

1787 2154 1800 2180 1
1825 2151 1858 2180 r·
