2044 2735
563 139 588 177 3
597 139 652 181 42
980 119 1441 166 OBSERVATIONES

559 242 676 282 crusta
707 240 854 294 glaciali
885 238 1046 279 obdu&
1076 237 1144 278 fuit
1178 237 1271 278 hora
1308 238 1593 284 1021106'turna.
1659 236 1852 281 Thermo-

557 314 685 345 metro
719 302 1054 354 Fahrenheitiano,
1088 303 1194 343 iuxta
1225 301 1420 355 appenfi),
1455 302 1689 342 monstrante
1722 305 1854 356 gradus

562 379 635 419 33·

672 431 706 478 ξ.
748 440 786 479 ς.
831 430 1050 471 Maximum
1091 428 1203 481 frigus
1244 427 1349 468 huius
1388 429 1477 468 anni
1516 428 1648 469 incidit
1678 428 1716 468 in
1749 430 1852 469 diem

558 507 618 546 24
649 494 901 544 Decembris,
937 504 1013 547 quo
1047 492 1138 532 hora
1181 502 1206 538 7
1251 493 1462 542 matutina,
1503 491 1850 532 Thermometrum

553 558 908 600 Fahrenhextianum
931 587 942 607 ,
978 556 1096 595 libero
1130 556 1208 594 aeri
1242 554 1454 607 expofitum
1474 587 1485 606 ,
1519 555 1565 594 ab
1597 556 1750 608 egregio
1791 568 1851 595 ar-

554 620 654 662 tifice
685 619 1028 662 Amstelodamenfi
1064 618 1176 658 Pm'ns
1208 615 1421 657 constitum
1442 649 1453 666 ,
1485 618 1672 658 descendit
1704 619 1749 658 ad
1767 630 1847 670 gra-

550 684 618 725 dus
656 696 707 733 15
746 683 837 724 infra
869 695 896 722 0
918 715 928 733 ,
962 682 1077 723 flante
1111 681 1186 720 leni
1218 680 1353 731 Euro,
1389 683 1426 720 in
1461 681 1650 720 serenitate
1670 679 1845 733 perfecta.

550 747 679 801 frigus
716 756 906 801 praeterea
947 744 1060 799 paulo
1100 745 1222 784 minus
1262 755 1347 782 acre
1389 744 1539 796 experti
1571 742 1692 782 snmus
1721 744 1846 785 dicbus

553 822 611 860 14
662 821 733 858 23.
772 822 844 858 24.
883 819 956 856 25.
1001 810 1058 846 26
1090 817 1128 846 et
1165 819 1235 854 27.
1275 805 1462 857 Ianuarii,
1501 812 1521 847 8
1558 815 1596 844 et
1636 807 1848 846 12Febru-

548 874 649 924 arii,
686 883 754 921 ις.
794 879 863 914 18.
905 884 955 920 ¹9
993 883 1064 909 20.
1101 882 1151 907 21
1193 881 1264 908 22.
1303 879 1355 915 23
1400 878 1439 908 et
1481 878 1533 914 31
1582 867 1842 921 Decembris,

547 937 611 989 qui
647 947 782 976 omnes
813 935 892 974 dies
925 934 961 972 T
966 933 1266 973 l‘iermometrum
1299 931 1420 971 modo
1453 931 1595 970 dietum
1627 932 1670 972 ad
1712 932 1845 984 gmdus

548 1011 575 1048 9
606 1008 644 1038 et
680 1010 731 1036 12
769 997 861 1039 infra
893 1009 920 1036 0
955 997 1172 1049 adegerunt.
1236 993 1281 1034 ln
1311 994 1575 1035 Obseruatorio
1607 1005 1732 1034 autem
1765 994 1839 1034 Im⁴

548 1061 710 1114 periali,
743 1061 782 1099 in
815 1062 902 1099 a'e're
936 1070 1077 1111 nempe
1109 1058 1226 1109 magis
1258 1056 1432 1105 eleuato,
1467 1066 1505 1095 et
1537 1057 1655 1108 magis
1695 1057 1814 1096 libero
1833 1090 1843 1106 ,

544 1136 660 1176 quam
693 1125 722 1163 is
755 1122 808 1162 est
829 1153 841 1173 ,
874 1123 936 1174 qui
970 1121 1079 1161 aedes
1110 1120 1314 1159 ordinarias
1346 1119 1554 1158 circumdat
1573 1152 1583 1169 ,
1622 1121 1841 1159 maximum

542 1185 656 1239 frigus
685 1184 960 1239 deprehensum
1001 1182 1067 1223 fuit
1099 1182 1137 1222 d.
1183 1193 1236 1230 25
1290 1181 1482 1231 Ianuarii,
1523 1181 1570 1221 ad
1609 1182 1740 1234 gradus
1782 1193 1838 1230 30

541 1249 634 1289 infra
666 1260 707 1287 0.
770 1248 817 1289 In
850 1247 1035 1301 plerisque
1068 1254 1255 1298 praeterea
1288 1245 1433 1285 dierum
1466 1243 1711 1295 allegatorum
1735 1278 1745 1296 ,
1778 1244 1839 1286 sti-

541 1324 632 1364 gore
668 1311 815 1352 intenso
833 1310 1094 1363 infignitorum
1115 1340 1125 1358 ,
1156 1307 1311 1348 nebulae
1332 1340 1342 1356 ,
1375 1306 1497 1347 modo
1515 1306 1722 1357 densiores,
1756 1321 1842 1348 mo-

541 1375 594 1414 do
629 1375 783 1429 paulum
815 1374 1001 1413 tenuiores
1021 1404 1032 1423 ,
1065 1369 1279 1410 obferunt-ae
1309 1370 1386 1410 sunt
1407 1399 1420 1420 ,
1453 1369 1644 1422 proutiab
1664 1370 1743 1409 aliis
1764 1372 1839 1410 iam

540 1437 614 1479 hoc
648 1437 940 1491 phaenomenon
972 1443 1193 1474 annotatum
1228 1432 1294 1472 est.

657 1502 688 1548 §.
727 1503 768 1538 6.
803 1499 989 1538 ‘fonitrua
1023 1497 1097 1537 hoc
1129 1508 1230 1535 anno
1272 1496 1404 1535 audita.
1437 1494 1587 1535 fuerunt
1620 1495 1748 1535 diebus
1790 1503 1842 1536 {c-

538 1565 758 1616 quentibus:
831 1561 924 1602 Maii
973 1563 1015 1598 6.
1062 1559 1156 1599 lunii
1200 1565 1268 1599 28·
1316 1558 1400 1598 Iulii
1449 1571 1517 1597 10.
1579 1558 1735 1609 Augusti
1795 1571 1833 1597 2.

539 1625 777 1678 Septembris
797 1636 947 1677 5,qnae
978 1621 1360 1674 vltimatempessas,
1396 1621 1541 1660 intblita
1578 1621 1614 1658 in
1648 1621 1702 1659 1150
1722 1623 1839 1671 terris,

539 1690 674 1741 procul
707 1688 821 1727 dubio
856 1685 977 1725 xentis
1009 1684 1162 1723 animet-a
1201 1685 1282 1723 mit.
1347 1683 1452 1724 Nam
1487 1684 1523 1721 in
1561 1683 1682 1723 Nouis
1718 1684 1839 1733 publi-

537 1752 589 1789 cis
629 1750 878 1798 referebatur,
918 1748 978 1786 die
1029 1747 1274 1798 praecedente
1325 1747 1360 1784 in
1404 1746 1491 1784 xico
1541 1758 1660 1797 prope
1699 1745 1838 1786 lindam

537 1813 872 1865 Mczqdebwgicam
912 1811 1074 1849 domum
1118 1808 1272 1848 fulmine
1314 1809 1452 1848 tastum
1495 1807 1734 1859 conflagraffe
1755 1841 1764 1857 ,
1799 1820 1836 1848 ct

537 1888 587 1914 eo
619 1877 680 1915 die
715 1875 819 1915 fortis
853 1873 949 1925 apud
992 1885 1060 1910 nos
1101 1872 1260 1923 spirabat
1295 1883 1426 1910 ventus
1459 1871 1597 1910 Austro
1617 1868 1832 1922 Zephyrus.

533 1940 733 1979 Accedunt
775 1938 829 1977 his
872 1935 1008 1987 {iilgura
1057 1936 1346 1987 frequentui'ma
1390 1934 1463 1973 siue
1505 1937 1645 1972 mnitru
1689 1934 1723 1971 d.
1765 1945 1832 1981 ις.

532 2000 791 2054 Septembris,
825 2001 921 2039 circa
956 1997 1089 2036 horam
1130 2012 1155 2046 9
1193 1999 1416 2037 not‘mrnam
1441 2029 1451 2047 ,
1494 1997 1588 2037 mihi
1632 2007 1667 2036 et
1710 1997 1835 2036 multis

530 2064 609 2104 aliis
640 2064 715 2103 viia
736 2095 746 2114 ,
780 2062 882 2115 supra
915 2061 992 2099 iam
1027 2059 1059 2107 ξ.
1101 2071 1140 2107 3.
1177 2069 1387 2100 memorata

1726 2122 1760 2169 §.
1792 2131 1834 2168 7.
