2044 2735
529 143 622 188 450
716 131 800 179 DE
825 128 1253 179 GANDISAPORA
1280 131 1603 183 PERSARVM
1625 136 1848 201 QVOND,

529 253 757 308 disaporenfi
787 253 930 295 litteras
961 255 1103 295 iuuenis
1134 254 1338 309 didiciss‘et,
1372 263 1410 296 et
1442 255 1652 297 monachus
1669 256 1853 310 aliquam-

529 319 595 360 diu
636 318 785 371 fuiffet‚
824 318 1072 373 metropolita
1114 318 1446 374 Gandiiaporenfis
1465 353 1476 373 ‚
1522 321 1745 374 tandemque
1785 334 1850 374 pa-

530 382 695 423 triarcha
745 382 800 422 Α.
837 380 884 423 C.
927 382 1152 425 bcLXXX
1204 383 1322 424 factus
1373 385 1439 425 est.
1507 384 1637 438 Atque
1685 385 1733 424 ab
1776 384 1850 425 hoc

531 456 713 500 tempore
744 446 843 487 clara
886 446 940 487 est
982 456 1022 487 et
1054 448 1184 489 crebra
1216 449 1364 489 mentio
1405 449 1444 488 in
1478 447 1642 489 historiis
1674 448 1855 489 Orienta-

529 512 624 552 lium
675 510 783 551 huius
831 510 977 551 scholae
999 542 1011 562 ‚
1063 512 1255 566 multaque
1308 521 1669 554 commemorantur
1695 546 1705 564 ,
1757 525 1853 565 quae

531 574 756 616 auctoritate
792 574 893 615 illam
935 586 1016 614 non
1058 577 1197 629 exigua
1237 576 1390 617 valuisse
1438 577 1713 630 comprobant.
1778 575 1854 616 Sed

532 639 628 680 haec
677 637 815 679 clarius
863 638 1048 694 patebunt
1089 639 1249 681 exiliis
1267 673 1278 693 ‚
1329 653 1422 695 quae
1455 638 1605 682 inferius
1655 639 1855 680 adferenda

536 710 657 744 erunt.

652 764 917 820 Relinquimus
948 766 1062 820 igitur
1095 779 1170 821 ea,
1201 780 1296 823 quae
1326 768 1372 809 ad
1408 767 1549 809 sacram
1582 766 1747 810 scholam
1781 766 1854 807 siue

535 829 785 872 Elamiticam
821 830 894 871 siue
925 830 1208 885 Lapethensem
1243 834 1453 886 pertinent,
1486 833 1569 872 aliis
1601 831 1762 884 amplius
1797 832 1855 870 in-

536 894 715 948 quirenda
735 926 746 945 ,
782 907 954 949 nuncque
987 898 1248 937 conuertimus
1280 896 1440 937 studium
1473 896 1519 937 ad
1539 897 1728 936 medicam
1749 895 1856 934 scho-

535 958 613 999 lam
646 956 1008 1011 Gandisaporensem
1028 992 1039 1012 ,
1071 973 1166 1014 quae
1198 961 1261 1001 diu
1294 969 1383 1000 ante
1416 958 1524 999 illam
1557 972 1648 999 cum
1683 959 1858 998 ecclcsia-

537 1021 622 1062 stica
654 1021 969 1063 coniunctionem
1003 1035 1073 1076 per
1105 1024 1138 1063 se
1159 1025 1365 1078 viguerat3
1402 1022 1540 1063 deinde
1572 1033 1720 1073 autem,
1755 1023 1857 1075 post-

536 1098 652 1141 quam
682 1085 856 1126 coierunt
874 1119 886 1139 ,
917 1085 1089 1128 illustrius
1120 1100 1263 1129 nomen
1297 1099 1549 1141 magnamque
1589 1086 1857 1127 auc'toritatem

535 1151 766 1204 consequuta
810 1149 878 1190 est.
942 1150 1099 1192 Vellem
1138 1162 1267 1192 autem
1300 1151 1422 1192 multa
1452 1150 1530 1191 effe
1549 1183 1560 1202 ,
1594 1163 1689 1204 quae
1722 1150 1858 1190 referre

537 1213 586 1255 de
620 1214 776 1268 antiqua
807 1214 886 1255 eius
917 1213 1041 1268 gloria
1073 1214 1240 1269 poffem.
1303 1213 1381 1256 Sed
1416 1215 1456 1255 in
1475 1224 1586 1255 tanto
1621 1213 1856 1254 vetustorum

538 1286 887 1320 monumentorum
928 1278 1078 1320 defestu
1097 1313 1109 1333 ,
1151 1291 1247 1335 quae
1285 1278 1445 1334 paucula
1482 1278 1685 1333 suppetunt
1704 1310 1715 1330 ,
1749 1278 1856 1318 exhi-

539 1341 654 1383 bebo.

655 1402 796 1447 Scribit
835 1405 963 1461 itaque
1000 1407 1064 1448 vir
1103 1407 1269 1459 doctus,
1308 1414 1351 1448 et
1380 1403 1457 1460 ipse
1498 1405 1669 1447 medicus
1689 1438 1700 1457 ,
1740 1414 1858 1457 quem

540 1468 653 1512 initio
686 1470 860 1521 laudaui,
892 1473 997 1524 quod
1028 1472 1169 1512 medici
1205 1467 1342 1511 Gmeci
1362 1504 1373 1523 ,
1405 1469 1710 1523 Gandifaporam
1747 1467 1860 1518 misti,

538 1534 773 1575 medicinam
806 1534 1125 1588 Hippocraticam
1157 1536 1197 1576 in
1230 1535 1396 1576 Oriente
1426 1534 1637 1575 docuerint.
1692 1533 1785 1575 Nou
1807 1531 1859 1571 est

540 1597 694 1639 dubium
714 1630 725 1649 ‚
760 1599 850 1652 quin
882 1598 1026 1640 fuerint
1058 1608 1146 1640 ante
1180 1598 1334 1640 illorum
1369 1610 1421 1639 ex
1455 1596 1616 1640 Graecia
1650 1597 1856 1637 aduentum

539 1659 660 1701 Persis
699 1661 752 1701 sui
794 1663 964 1703 medici:
1007 1661 1083 1703 Sed
1126 1662 1198 1702 illis
1241 1674 1321 1702 non
1361 1661 1522 1702 fidentes
1562 1661 1654 1708 isti,
1696 1660 1759 1711 qui
1804 1669 1858 1697 ex

538 1721 651 1774 Syria
692 1723 818 1763 vicina
839 1757 849 1774 ,
890 1725 1044 1778 aliisque
1083 1726 1253 1766 Romani
1288 1725 1441 1777 imperii
1474 1723 1636 1773 finibus,
1667 1722 1756 1762 illuc
1792 1721 1860 1761 ha·

539 1786 699 1827 bitatum
742 1785 1033 1839 concesserant,
1074 1800 1151 1827 vna
1193 1799 1280 1827 cum
1316 1799 1447 1827 amore
1488 1786 1671 1826 bonarum
1717 1786 1855 1825 littcm-

543 1863 630 1891 rum
665 1860 782 1891 etam
818 1850 1038 1891 desiderium
1080 1850 1280 1890 attulerant
1318 1851 1641 1890 etconscruabant
1664 1880 1675 1898 ‚
1711 1860 1860 1888 νεωτ-

541 1914 698 1968 poribus
730 1914 797 1954 suis
831 1915 998 1955 curandis
1033 1914 1218 1954 haberent
1251 1915 1356 1954 viros
1389 1915 1528 1968 peritos
1562 1924 1602 1953 ct
1634 1913 1859 1952 rationalem

541 1987 662 2018 artem
695 1974 894 2031 professos.
961 1978 1113 2019 Omnes
1145 1978 1386 2017 historiarum
1422 1977 1534 2032 periti
1569 1987 1722 2025 norunt,
1742 1988 1859 2028 quam

541 2041 653 2082 multi
694 2042 740 2082 ab
773 2054 823 2081 co
857 2051 1037 2096 tempore
1058 2075 1068 2093 ‚
1101 2054 1176 2095 quo
1211 2041 1430 2082 Alexander
1467 2041 1526 2081 M.
1596 2040 1856 2081 Orienttinii-

542 2104 581 2148 bi
612 2103 765 2148 subiecit
784 2138 796 2160 ‚
826 2116 865 2148 et
896 2107 943 2149 ad
976 2106 1057 2148 suos
1084 2103 1308 2148 successores
1327 2104 1553 2158 transmisit,
1588 2103 1736 2149 Graeca
1766 2116 1862 2159 gen·

1823 2176 1864 2206 te
