2044 2735
373 161 400 195 a
436 151 578 196 DAN.
614 143 897 197 BERNOVL.
939 139 1001 192 ad‘
1031 147 1080 194 L.
1121 148 1321 193 EVLER.
1446 148 1506 207 ῖς

194 269 263 328 (Α)
305 282 462 326 tumque
501 270 672 311 faciendo
713 278 758 310 vt
806 269 866 310 isti
907 269 1124 324 aequationi
1172 268 1279 309 recte
1324 265 1501 320 satisfiat,

192 344 297 398 quod
331 344 393 384 hic
426 342 590 383 efficitur
606 341 789 381 sumendo
822 353 912 382 c:
931 335 1031 395 qff:
1052 341 1119 382 Est
1138 342 1350 395 igiturvera
1366 351 1504 394 aequa-

901 406 990 426 00—2

194 417 250 455 tio
268 413 426 468 qiizicsita
444 413 523 454 talis
525 412 888 465 y-:a-i-be2x-i-
921 440 957 467 d,
1004 414 1104 452 ε-επ

196 479 325 532 Atque
358 477 486 518 similis
519 476 724 516 methodus
764 475 817 515 est
859 475 1100 528 adhibenda,
1142 476 1290 530 quoties
1329 473 1506 528 aequatio

197 542 319 594 aliqua
350 539 546 594 proposita
579 540 677 592 prius
707 537 777 578 fuit
811 538 970 578 vlterius
1002 537 1280 591 differentiam,
1314 550 1431 593 quam
1457 536 1507 578 ad

195 605 304 658 ipsius
335 604 603 656 aequationem
636 602 861 655 integralem
898 613 1129 655 peruentum
1171 603 1294 643 suerit.

307 665 482 707 Difficile
513 677 606 719 ergo
636 677 719 706 non
750 665 958 706 admodum
995 666 1070 718 est,
1104 675 1151 706 vt
1188 666 1296 706 vides
1315 697 1327 717 ,
1367 665 1509 706 {bimas

195 730 416 770 huiusmodi
463 731 733 783 aequationum
774 729 1014 782 integralium
1063 726 1204 784 affequi
1222 762 1233 781 ,
1273 729 1396 770 modo
1428 728 1511 781 quis

195 795 394 846 cognitam
429 794 531 846 prius
562 791 733 834 habuerit
764 792 906 847 legem,
941 792 1143 833 secundum
1176 805 1291 846 quam
1331 792 1510 832 differen-

196 858 296 897 tialia
338 859 589 911 quantitatum
618 889 629 908 ,
678 869 769 909 quas
817 855 1162 909 considerauimus,
1202 855 1508 910 progrediuntur.

197 918 398 961 Eiusmodi
431 920 655 974 quantitates
687 919 772 960 alias
805 931 886 959 non
919 920 1045 960 minus
1073 916 1121 961 ad
1137 920 1407 973 aequationum
1439 916 1511 959 dif-

198 983 446 1024 ferentialium
480 983 623 1023 altioris
661 983 793 1035 gradus
833 983 1128 1036 integrationem
1168 983 1280 1024 vtilcs
1315 981 1511 1022 obseruaui

198 1058 236 1088 et
270 1047 389 1087 nullus
421 1047 555 1087 dubito
589 1046 679 1099 quin
711 1055 864 1100 praeter
895 1047 1077 1088 circulum
1110 1057 1150 1087 et
1189 1044 1512 1099 logarithmicam,

198 1112 290 1151 aliae
324 1109 446 1150 adhuc
479 1110 549 1150 sint
579 1121 743 1162 cumae,
778 1112 820 1150 in
852 1110 984 1164 quibus
1024 1112 1150 1151 variae
1200 1110 1322 1150 lineae
1360 1107 1513 1162 speciali

198 1175 303 1227 signo
336 1174 538 1213 denotatae
569 1172 745 1214 similibus
763 1207 774 1226 ,
808 1187 925 1227 quum
955 1172 1255 1215 differentiantur
1275 1206 1285 1225 ,
1329 1172 1514 1226 gaudeant

202 1237 524 1291 proprietatibus,
556 1248 652 1289 quae
683 1250 830 1279 nouum
865 1238 1074 1290 integrandi
1106 1236 1255 1277 fontem
1298 1235 1513 1288 suppedita-

203 1313 244 1340 re
278 1299 431 1353 poffint.
494 1299 595 1338 Vide
630 1299 736 1350 iam,
769 1299 842 1339 Vir
875 1297 1131 1339 Celeberrime
1151 1331 1162 1350 ,
1205 1311 1251 1337 an
1293 1297 1387 1336 haec
1421 1308 1512 1336 cum

204 1367 278 1404 tuis
310 1362 570 1402 conueniant:
604 1361 693 1414 Ego
726 1363 881 1415 quidem
913 1361 1118 1403 methodos
1154 1361 1296 1401 nostras
1320 1358 1415 1398 nihil
1442 1358 1514 1398 dif-

218 1438 298 1467 errc
329 1425 498 1465 coniicio
530 1437 599 1464 nec
633 1436 677 1463 ea
697 1457 708 1475 ,
739 1438 835 1481 quae
871 1437 971 1467 noua
1004 1424 1127 1466 addidi
1146 1457 1159 1479 ,
1193 1434 1232 1464 te
1266 1422 1389 1464 minus
1420 1430 1514 1476 pro*-

202 1494 372 1537 barutum
407 1487 482 1530 effe
513 1489 622 1545 spero
655 1496 739 1550 etc..

1433 2074 1523 2126 DE¹
