2044 2735
518 130 598 173 DE
637 128 812 173 SOMS
846 126 1219 176 MVIJJFARHS
1442 145 1524 185 193

327 251 393 292 Ex
426 250 496 291 hae
531 250 788 291 obseruatione
824 250 946 291 statim
988 250 1178 302 indicaui,
1220 252 1354 292 sonum
1398 253 1528 294 distin-

211 316 318 357 &um
355 327 391 355 et
423 315 564 354 clarum
599 326 687 354 tunc
720 313 795 354 effe
817 347 826 364 ,
859 328 947 354 cum
983 315 1086 366 xirga
1121 317 1157 354 ln
1193 317 1296 356 nodo
1315 316 1443 370 aliquo
1470 318 1525 357 di-

210 382 296 434 gitis
328 378 672 432 apprehenderetur
692 410 701 426 ,
734 378 933 417 obscurum
974 390 1069 416 xero
1103 388 1140 417 et
1181 378 1414 433 supprefl‘um
1458 381 1529 421 fie-

211 445 275 493 ri,
310 456 399 482 cum
438 443 543 492 locu>
583 441 739 481 attaftus
780 441 884 480 nodo
923 441 1014 481 nulli
1048 441 1303 495 responderet.
1375 444 1421 485 In
1456 445 1528 486 hac

210 507 391 546 sent-:ntia
426 519 525 546 mox
556 504 800 544 confirmatus
832 503 896 543 fui.

328 570 382 610 11.
417 568 570 609 Deinde
604 566 796 606 liicceffiue
832 567 979 619 x‘irgam
1012 580 1032 607 a
1065 570 1194 610 medio
1229 571 1358 612 versus
1397 584 1527 613 extre-

187 635 388 679 *mitatem
425 632 640 672 alterutram
676 642 745 683 per
778 631 910 670 omnia
941 631 1028 671 loca
1059 633 1298 686 apprehendi
1338 638 1528 690 totiesque

209 698 325 737 altera
359 708 472 736 manu
508 692 697 747 perculi‘13
733 704 814 734 tum
852 706 947 734 xero
982 697 1067 737 loca
1102 697 1195 750 illa,
1231 699 1364 752 quibus
1392 701 1529 741 sonum

209 762 354 801 clarum
397 759 649 810 sonorumque
686 758 952 810 percipiebam
997 761 1160 812 notaui,
1206 775 1417 817 eorumque
1469 765 1529 805 di-

208 823 348 864 stantiis
390 821 435 862 ab
478 821 728 861 extremitate
782 823 953 874 acceptis
993 824 1205 878 iisdemque
1242 827 1389 867 collatis
1437 840 1527 869 cum

206 886 384 928 mensuris
418 886 458 926 in
493 885 614 925 tabula
649 884 809 925 XVIII.
833 885 1044 939 exhibitis,
1081 889 1301 930 conlcnlum
1329 891 1540 944 egreglum'

204 950 465 1003 deprehendi:
502 948 564 989 hic
598 958 727 988 tamen
770 949 981 990 notandum
1016 951 1091 1002 est,
1133 952 1215 992 loca
1250 954 1320 994 ista.
1360 955 1529 995 latitudi-

203 1027 294 1054 nem
330 1014 493 1066 aliquam
528 1013 696 1063 habere,
731 1025 820 1052 cum
855 1014 936 1053 soni
970 1015 1056 1067 post
1088 1016 1294 1058 minimam
1314 1017 1528 1071 digitorum

205 1078 462 1119 mutationem
500 1088 579 1117 non
614 1076 739 1116 statim
773 1086 895 1117 totam
931 1077 1031 1119 suam
1068 1079 1348 1132 plenitudinem
1386 1082 1531 1123 velac-

205 1143 348 1196 cipiant
379 1140 443 1180 vel
477 1140 669 1193 deperdat.

320 1204 397 1246 III.
433 1202 543 1244 Dum
578 1204 892 1257 experimentum
926 1206 979 1245 ita
1013 1207 1249 1251 insumerem
1273 1242 1283 1261 ,
1318 1220 1364 1251 vt
1403 1213 1526 1253 modo

205 1269 353 1310 dic'tum
388 1268 471 1319 est,
507 1267 700 1307 obscruaui
734 1268 845 1308 sonos
880 1269 1069 1322 praefittos
1112 1285 1212 1313 nunc
1255 1273 1338 1313 fieri
1380 1277 1531 1315 acutio-

205 1346 294 1382 τρες
329 1332 431 1372 cuius
465 1330 518 1371 rei
552 1334 740 1371 rationem
777 1332 991 1386 intelliges,
1025 1334 1052 1374 si
1086 1337 1215 1389 primo
1240 1336 1357 1390 fingas
1375 1339 1527 1391 virgam

205 1395 330 1450 digitis
360 1393 632 1449 apprehenfiim
669 1395 707 1434 in
741 1395 757 1435 l
786 1395 926 1448 figurae
961 1399 1095 1437 tertiae
1117 1432 1127 1449 ,
1161 1398 1280 1440 sumta
1308 1401 1452 1442 scilicec
1471 1401 1533 1444 CI

204 1473 257 1510 91
297 1470 393 1512 part.
431 1457 524 1512 (vid.
560 1457 688 1497 tabell.
723 1459 757 1507 ξ.
794 1459 969 1515 XVIII.)
990 1472 1155 1516 tuncque
1187 1463 1298 1503 sonus
1329 1466 1530 1518 exprime-

205 1534 265 1564 tur
306 1534 468 1562 numero
510 1523 593 1571 86,
631 1531 714 1569 305
763 1524 843 1563 vid.
890 1524 923 1572 §.
960 1524 1077 1565 XIV.
1153 1524 1311 1568 Deinde
1347 1529 1372 1569 si
1405 1528 1529 1571 sumas

202 1587 415 1628 distantiam
459 1598 479 1625 a
520 1585 668 1638 pund'to
711 1587 842 1627 medio
885 1585 920 1627 C
968 1601 1055 1639 144
1104 1599 1201 1642 part.
1243 1590 1397 1634 habebis
1429 1606 1529 1646 pun-

202 1651 309 1692 etum
320 1649 509 1704 gfigurac
531 1648 728 1701 secundae,
746 1649 928 1704 sonusque
963 1653 1201 1706 respondebit
1235 1667 1400 1697 numero
1435 1668 1495 1707 34
1516 1691 1527 1709 ,

205 1728 288 1766 545
316 1727 327 1768 3
365 1723 446 1753 tum
482 1724 577 1751 vero
612 1711 667 1752 fac
701 1713 913 1755 distantiam
956 1728 976 1755 a
1009 1717 1155 1769 pumero
1188 1719 1323 1759 medio
1355 1718 1389 1761 C
1435 1734 1490 1759 22

201 1789 300 1833 part.
354 1775 598 1829 respondebit
646 1775 714 1816 iste
764 1778 872 1818 locus
923 1781 1070 1832 punffto
1103 1793 1135 1833 g
1169 1780 1313 1833 figurae
1353 1785 1526 1838 quintae-

201 1843 382 1894 sonusque
422 1840 493 1879 crit
525 1849 569 1879 vt
607 1849 662 1888 57
686 1872 696 1891 ,
736 1853 848 1890 105:
893 1842 1025 1884 Postea
1066 1843 1278 1886 distantiam
1323 1847 1431 1888 illam
1467 1847 1524 1890 su-

202 1917 266 1946 me
298 1914 395 1954 ⁴274
429 1912 525 1955 part.
562 1903 718 1944 habebis
749 1905 936 1958 pune‘tum
961 1920 995 1960 g
1026 1905 1168 1961 figurae
1189 1910 1321 1950 tertiae
1344 1943 1355 1963 ,
1390 1911 1526 1952 rursus-

202 1980 275 2021 que
307 1968 439 2006 sonum
479 1968 564 2015 86,
603 1977 689 2018 305
728 1979 766 2008 et
797 1969 846 2009 fic
887 1983 1019 2024 porro.

318 2031 423 2071 Nota
456 2026 581 2069 Sonos
623 2029 707 2070 fieri
747 2031 857 2086 poffe
896 2047 916 2074 a
949 2035 1069 2074 nimia
1112 2035 1244 2089 virgae
1287 2037 1525 2092 longitudine

201 2094 263 2137 vel
299 2093 412 2131 ulmis
444 2091 547 2131 breui
580 2094 632 2134 ita
664 2106 794 2148 graues
828 2106 893 2139 aut
927 2108 1058 2138 acutos
1098 2109 1144 2139 vt
1174 2102 1322 2156 percipi
1364 2103 1526 2155 amplius

267 2158 366 2200 Tom.
403 2152 476 2196 XI
481 2153 538 2199 11.
927 2158 962 2202 B
996 2161 1021 2202 b
1442 2176 1523 2206 non
