2044 2735
179 109 262 152 DE
282 105 693 157 PERFICPENDIS
713 102 934 150 MAPPIS
953 105 1385 154 GEOGRAPHICIS
1407 123 1458 162 31
1474 123 1493 150 1

182 237 221 267 et
252 240 342 268 cum
378 228 508 267 circuli
545 227 615 267 sint
650 227 686 267 in
721 228 869 268 ratione
900 228 1172 281 quadratorum
1208 228 1499 279 diametrorum,

183 292 341 331 circulus
374 292 544 331 di·.unetri
580 289 663 330 AB
698 292 767 331 erit
809 292 856 330 cd
897 291 1085 331 circulum
1128 293 1306 332 diametri
1349 287 1513 332 AFz'

185 353 337 395 AC2A
350 353 401 396 G.
440 356 651 408 perite-tque
685 354 937 407 quadruplum
971 355 1098 394 circuli
1132 356 1309 395 diametri
1331 355 1412 396 AB
1431 358 1504 396 erit

184 419 231 458 ad
275 419 529 472 quadruplum
570 419 697 458 circuli
739 419 916 458 diametri
959 416 1331 460 AFzACzAG.
1400 419 1504 460 Cum

186 481 263 521 hoc
304 482 350 521 de
393 483 568 522 omnibus
608 481 761 521 chordis
811 481 1061 520 demonstrari
1101 481 1212 534 possit
1242 515 1252 533 ,
1301 484 1506 536 quadrupla

185 559 327 599 nempe
360 546 585 585 circulorum
618 544 849 584 chordarum
882 542 957 584 effe
991 545 1031 582 in
1065 546 1212 584 ratione
1247 545 1393 585 sinuum
1421 547 1506 586 suo-

184 623 268 649 rum
289 611 502 658 veriorum,
523 607 669 660 ipsaque
694 607 765 647 sint
791 606 858 659 ipsi
889 607 1057 660 paralleli
1085 609 1124 647 in
1146 620 1289 662 mappa
1316 609 1505 663 descripti,

186 672 317 712 circuli
335 671 699 725 paralleliinmappa
718 669 894 723 descripti
912 671 992 711 lunt
1009 672 1046 711 in
1057 672 1202 711 ratione
1220 673 1368 713 sinuum
1379 673 1508 713 verso-

181 750 271 778 rum
288 747 440 774 arcuum
458 766 467 785 ‚
503 726 667 787 quorum
684 733 837 774 chordis
852 734 1019 787 paralleli
1036 737 1075 774 in
1094 748 1237 789 mappa
1254 736 1503 777 delineantur.

183 801 240 842 At
259 797 472 852 superficies
482 798 766 851 segmentorum
777 797 950 851 sphaerae
961 831 971 851 ‚
989 800 1051 852 qui
1066 799 1249 853 parallelis
1258 813 1423 854 mappae
1432 813 1501 841 ex-

182 863 382 914 hibentur,
402 862 585 916 parallelis
604 862 778 916 sphaerae
798 863 1024 903 terminatae
1044 863 1123 903 sunt
1142 867 1281 916 pariter
1299 865 1336 903 in
1357 865 1505 905 ratione

182 927 329 968 sinuum
365 926 558 967 versorum
584 925 898 979 respondentium
927 939 1080 966 arcuum
1105 939 1173 979 per
1190 928 1378 980 principia
1399 927 1508 969 Geo-

183 992 356 1032 metrica.
423 991 531 1044 Ergo
564 990 680 1030 etiam
715 988 847 1029 circuli
879 989 1050 1043 paralleli
1081 990 1120 1029 in
1139 1004 1283 1044 mappa
1301 991 1504 1041 deformati

183 1055 265 1095 sunt
300 1055 339 1094 in
367 1055 514 1094 ratione
530 1053 810 1106 superficierum
829 1055 1111 1104 segmentorum
1130 1054 1304 1107 sphaerae
1321 1055 1509 1107 parallelis

183 1119 333 1172 spaerae
352 1119 644 1157 terminatorum
661 1118 672 1157 i
690 1149 701 1168 ‚
728 1128 762 1157 e.
781 1124 907 1168 partes
931 1116 1118 1169 quaelibet
1143 1118 1182 1157 in
1199 1130 1345 1172 mappa
1363 1119 1507 1160 habent

187 1183 233 1222 ad
274 1192 397 1222 totum
440 1182 629 1221 rationem
656 1213 667 1232 ,
703 1191 816 1233 quam
850 1177 991 1220 habere
1031 1180 1183 1221 debent.

306 1246 340 1294 §-
379 1257 450 1285 20.
486 1244 615 1285 DiCtis
649 1243 944 1297 proprietatibus
986 1257 1129 1297 mappa
1171 1245 1356 1299 descripta
1396 1260 1508 1301 prae·

189 1310 290 1351 cellit
326 1309 476 1363 reliquis
497 1341 507 1360 ‚
541 1318 579 1347 at
611 1320 757 1348 maiora
798 1317 903 1346 certe
942 1308 1120 1348 videntur
1158 1307 1236 1349 esse
1280 1311 1507 1352 incommo-

190 1375 268 1423 da,
306 1373 438 1427 quibus
471 1372 564 1412 haec
597 1384 739 1425 mappa
771 1382 863 1424 prae
898 1370 977 1410 aliis
1001 1372 1054 1411 est
1072 1372 1260 1413 obnoxia.
1327 1372 1507 1415 Chordae

188 1438 448 1478 distantiarum
484 1436 656 1476 locorum
676 1468 686 1487 ‚
721 1447 815 1489 quae
847 1435 1028 1476 diuerfiim
1060 1434 1201 1476 habent
1228 1438 1508 1490 longitudinem

190 1513 234 1541 Π
267 1502 402 1554 cuique
437 1500 641 1553 inquirenti
677 1499 821 1553 patebit
856 1508 894 1538 ct
927 1499 1090 1539 iudicatu
1122 1499 1348 1541 facillimum
1392 1503 1446 1543 est
1485 1515 1506 1541 a

189 1566 289 1605 reris
322 1565 497 1604 maxime
531 1563 663 1603 distant
684 1596 693 1614 ,
727 1574 848 1617 eoque
881 1564 1004 1615 magis
1024 1596 1033 1614 ,
1069 1577 1146 1617 quo
1180 1565 1348 1618 paralleli
1369 1579 1508 1620 aequa-

189 1630 263 1668 tori
309 1629 601 1681 propinquiores
640 1627 734 1666 sunt.
808 1626 1009 1679 Aequator
1049 1627 1127 1680 ipse
1159 1641 1238 1668 non
1271 1630 1395 1669 maior
1427 1630 1504 1670 effe

187 1693 341 1733 deberet
373 1691 589 1745 peripheria
621 1690 749 1731 circuli
782 1690 960 1744 sphaerae
993 1692 1180 1744 maximi,
1213 1694 1274 1745 qui
1294 1703 1425 1733 tamen
1454 1694 1507 1734 est

188 1757 236 1796 ad
270 1756 367 1796 hanc
402 1767 446 1796 vr
480 1754 645 1796 subtensa
677 1768 779 1795 arcus
812 1760 888 1804 90⁶
923 1755 970 1794 ad
1003 1755 1150 1795 radium
1192 1756 1387 1810 sphaerae.
1442 1758 1503 1798 In-

191 1823 303 1858 terim
326 1832 374 1858 ex
410 1820 541 1860 talibua
571 1821 720 1871 mappis
754 1831 835 1858 vno
867 1818 1002 1858 obtutu
1022 1819 1152 1858 videre
1171 1819 1258 1860 lieet
1277 1854 1286 1872 ,
1321 1832 1505 1875 quantum

194 1895 269 1921 vna
314 1884 419 1934 regio
459 1884 716 1936 magnitudine
758 1883 867 1922 aliam
909 1882 1089 1935 superet,
1131 1885 1236 1937 quod
1268 1898 1344 1938 ope
1376 1898 1504 1926 earum

191 1957 447 1999 mapparum,
481 1960 574 2000 quae
607 1947 648 1986 in
684 1947 747 1987 vsu
781 1947 888 2000 lunt,
922 1959 1001 1986 non
1035 1946 1096 1987 fit.

1428 2136 1509 2179 DE
