2044 2735
192 109 274 153 DE
292 106 710 157 PERFICIENDIS
727 107 940 158 MAPPIS
967 108 1383 158 CEOGRAPHICIS
1419 123 1512 165 307

197 243 264 284 pas
298 231 543 285 perfectiores
574 230 735 284 futuras,
769 240 806 272 at
838 245 924 275 cum
969 232 1068 274 mihi
1109 232 1210 274 hisce
1251 234 1509 276 meditationi-

198 295 262 335 bus
296 295 508 337 inhaerenti
542 296 714 336 inciderit
749 297 955 337 methodus
994 295 1125 337 scalam
1163 297 1352 338 radiorum
1387 298 1509 352 paral-

196 359 360 400 lelorum
394 361 433 400 in
464 360 548 414 ipsis
579 361 730 413 mappis
759 360 1029 401 vniuerlalibus
1045 361 1093 401 sic
1114 359 1331 401 delineandi
1352 394 1362 412 ,
1398 371 1442 401 vt
1461 374 1512 402 eo

195 423 277 476 ipio
310 423 475 464 chordae
509 423 763 463 distantiarum
797 436 936 464 omnes
966 425 1007 463 in
1041 424 1219 464 omnibus
1245 424 1430 477 parallelis
1448 425 1510 465 vel

197 486 272 540 iplii
313 500 454 541 mappa
495 486 690 540 expressae
734 486 799 526 vel
837 487 1023 540 adplicata
1072 487 1200 539 regula
1243 487 1288 526 ad
1323 499 1508 540 mappam

195 550 394 603 definitae,
428 564 505 604 ope
536 550 668 590 circini
701 551 739 589 in
773 549 1031 603 peripheriam
1065 549 1196 589 circuli
1227 549 1406 602 sphaerae
1426 563 1510 591 ma-

193 614 291 654 ximi
324 614 508 654 transferri
543 612 682 666 possint
702 644 712 662 ,
748 613 863 653 etiam
897 613 993 653 hanc
1034 611 1266 666 subiungam.

309 678 344 726 §.
394 688 462 726 15.
509 675 550 716 Si
588 676 745 717 dimidia
784 676 924 716 telluris
964 675 1174 730 superficies
1214 677 1254 716 in
1296 676 1512 731 aequatoris

193 741 311 795 plano
344 741 396 781 est
429 740 639 781 deformata
673 740 712 779 in
747 739 883 781 lineam
918 741 1167 780 meridianam
1210 738 1291 781 CE
1312 772 1323 790 ‚
1364 753 1506 795 mappa

192 802 410 858 expreffam
432 837 443 855 ,
476 805 687 844 meridiano
720 805 851 856 primo
885 805 1141 858 propinquam
1177 805 1222 844 ab
1254 804 1334 843 aliis
1375 806 1508 845 colore

190 868 264 909 siue
296 868 367 909 alia
401 868 548 908 ratione
581 867 798 908 distinctam
819 901 831 921 ,
864 877 910 908 vt
943 880 992 907 eo
1024 866 1168 908 facilius
1201 869 1428 920 inueniatur,
1448 881 1510 908 ra-

189 931 242 972 dii
275 931 485 972 multorum
529 931 800 986 parallelorum
840 931 1048 985 sphaerae,
1082 931 1158 972 siue
1193 931 1285 972 sinus
1318 932 1513 972 distantia-

187 1009 273 1038 rum
299 1009 320 1036 a
356 996 452 1050 polo
486 1009 538 1036 ex
572 1006 705 1036 centro
739 994 927 1037 transferri
961 1004 1145 1049 poterunt
1178 1004 1218 1035 et
1250 995 1510 1036 distantiarum

189 1073 212 1100 a
245 1060 339 1113 polo
375 1059 438 1099 vel
470 1060 516 1100 ab
547 1069 747 1112 aequatore
780 1059 915 1111 gradus
948 1059 1106 1112 adponi.
1171 1058 1412 1112 Perspicuum
1455 1059 1509 1099 est

189 1123 351 1163 chordas
384 1123 644 1162 distantiarum
679 1134 727 1161 eo
761 1122 842 1175 ipso
878 1123 916 1161 in
948 1122 1132 1174 parallelis
1166 1122 1242 1175 ipsa
1270 1135 1413 1175 mappa
1431 1121 1508 1162 effe

191 1185 366 1227 definitas
400 1196 437 1226 et
469 1186 664 1240 adplicatis
681 1186 727 1226 ad
747 1196 994 1239 aequatorem
1017 1186 1210 1226 mediante
1230 1186 1375 1225 circino
1393 1185 1510 1226 chor-

192 1251 247 1291 dis
277 1249 492 1301 distantias,
526 1250 612 1290 loca
644 1251 681 1290 in
715 1250 855 1290 eodem
891 1249 1069 1303 parallelo
1103 1250 1302 1303 iungentes
1324 1282 1335 1303 ‚
1373 1261 1507 1290 nume<

191 1328 239 1355 ro
272 1315 453 1366 graduum
488 1313 664 1368 apposito
699 1313 932 1353 innotescere

309 1376 394 1418 Sint
424 1378 509 1418 loca
544 1378 580 1419 11
616 1387 654 1418 et
686 1376 724 1419 G
744 1411 754 1430 ,
788 1374 1028 1419 lincaeCSO
1049 1386 1089 1419 et
1123 1376 1156 1418 C
1175 1380 1273 1417 160.
1297 1378 1511 1431 repraesen-

195 1452 278 1482 tant
310 1443 539 1482 meridianos
580 1444 618 1481 in
663 1441 732 1482 hac
775 1441 1055 1481 deformatione
1078 1473 1088 1491 ‚
1123 1452 1163 1482 et
1203 1445 1509 1483 1602-800:

200 1514 274 1548 800
314 1506 368 1545 est
411 1506 618 1546 differentia
661 1506 970 1558 longitudinum,
1015 1518 1134 1558 porro
1176 1506 1216 1548 in
1259 1506 1359 1545 linea
1394 1501 1506 1558 CE,

194 1568 228 1610 C
239 1573 310 1609 60.
355 1569 408 1610 est
440 1570 558 1610 radius
590 1570 759 1622 paralleli
792 1568 998 1623 sphaerae,
1031 1581 1137 1609 arcus
1179 1573 1329 1610 m60.n
1363 1568 1509 1610 chorda

183 1647 258 1675 -mn
293 1633 434 1674 chorda
469 1634 689 1674 distantiae:
724 1634 830 1674 Haec
865 1633 891 1673 si
922 1633 969 1672 ad
1003 1634 1214 1685 aequatoris
1247 1632 1509 1687 peripheriam

192 1698 426 1751 adplicatur,
463 1698 632 1738 distantia
664 1697 843 1738 locorum
877 1697 915 1736 in
950 1697 1125 1750 gradibus
1157 1697 1234 1751 ipsa
1263 1709 1408 1751 mappa
1441 1708 1513 1736 ex-

194 1759 315 1817 prcffa
347 1764 550 1802 inuenitur.

307 1826 339 1873 §.
382 1829 450 1864 16.
486 1825 527 1866 Si
559 1825 716 1866 dimidia
749 1824 890 1866 telluris
922 1823 1137 1878 superficies
1170 1825 1209 1866 in
1245 1824 1359 1879 primi
1393 1825 1488 1865 meri
1514 1830 1589 1882 Fig.
1621 1837 1655 1871 8.

196 1889 328 1929 ridiani
362 1890 478 1943 plano
509 1889 739 1932 AFDGA
772 1889 825 1930 est
857 1889 1065 1930 dilineata:
1101 1891 1141 1929 in
1174 1890 1318 1929 radium
1357 1887 1391 1929 C
1403 1889 1437 1930 E
1457 1901 1511 1927 ex

197 1962 330 1992 centro
364 1954 479 2004 primi
513 1955 713 1994 meridiani
749 1955 795 1994 ad
829 1953 1016 2007 punctum
1050 1954 1086 1995 E
1120 1966 1194 1994 non
1231 1953 1367 2006 procul
1409 1966 1430 1992 a
1465 1952 1513 1991 li-

199 2028 268 2054 nea
304 2014 392 2055 AD
426 2027 667 2070 aequatorem
700 2018 915 2058 exhibente
948 2017 1103 2058 ductum
1124 2050 1134 2068 ,
1171 2030 1222 2056 ex
1263 2026 1394 2056 centro
1436 2017 1512 2068 pri-

199 2081 254 2120 mi
287 2080 484 2121 meridiani
516 2082 693 2122 omnium
726 2081 992 2138 parallelorum
1025 2081 1065 2121 in
1098 2081 1253 2136 sphaera
1285 2080 1401 2129 radii,
1437 2079 1512 2118 ssue

817 2145 902 2202 (ἐς
922 2156 946 2182 2
1464 2140 1506 2181 fi·

1514 772 1585 825 Fig.
1615 775 1652 818 ‘70'
