2044 2735
221 133 406 184 SVPER
441 135 635 180 PLANO
674 133 1087 181 HORIZONTALI
1119 135 1346 182 ASPERO
1449 149 1536 189 23¹

221 257 261 296 di
293 253 348 293 est
381 253 538 306 grauitas
559 284 570 303 ,
602 251 703 306 quod
734 263 895 305 corpora
928 254 969 292 in
1004 261 1114 293 motu
1144 252 1264 294 solum
1297 252 1422 307 posita
1454 253 1540 295 affi·

222 320 326 369 ciat,
362 327 566 370 motusque
599 315 801 357 directioni
835 326 1024 369 perpetuo
1054 317 1099 357 sit
1128 317 1348 371 contrari-³3
1384 318 1423 358 in
1458 319 1543 372 qui-

222 393 284 422 ete
317 394 412 420 vero
446 394 604 421 omnem
639 391 722 417 vim
758 388 921 418 amittat.

342 446 376 492 ξ.
429 447 496 482 16.
541 441 784 485 Manifestum
818 452 942 482 autem
977 442 1042 493 est,
1086 444 1178 482 dum
1220 443 1348 484 frictio
1387 445 1543 499 inipso

221 510 454 562 corporis-ac
474 507 577 560 plani
598 505 776 546 contactu
812 515 956 545 mutuo
1002 504 1087 546 AB
1119 507 1288 559 gignitur
1322 508 1402 548 eius
1441 510 1542 549 dire-

225 573 400 613 &ionem
433 583 582 625 qnoque
616 572 653 609 in
686 569 762 608 hoc
797 569 890 610 loco
924 568 1000 609 effe
1046 570 1244 624 posnam3
1292 583 1405 624 quare
1446 585 1538 613 cum

221 638 300 676 eius
317 635 476 675 diree'tio
508 634 552 673 sit
585 641 713 672 motus
746 631 948 676 direffioni
967 631 1045 675 GF
1080 635 1272 674 contraria
1292 665 1303 684 ‚
1334 633 1462 674 frictio
1481 636 1537 677 est

222 701 307 749 vis,
349 712 421 751 qua
459 709 602 749 corpus
639 696 827 735 continuo
850 727 860 746 ,
905 696 997 739 dum
1034 708 1242 751 mouetur,
1276 698 1316 737 in
1357 699 1540 739 direc‘tio·

220 777 269 803 ne
303 761 384 802 CO
424 760 636 801 retrahitur.
709 759 822 799 Loco
865 755 1052 802 fric‘t'ionss
1093 761 1209 814 igitur
1245 761 1415 802 substitui
1447 763 1538 804 licet

218 827 429 880 potentiam
463 823 698 864 constantem
732 824 806 864 basi
841 822 924 866 AB
963 826 1139 877 corporis
1170 826 1401 878 applicatam
1423 859 1434 877 ,
1476 837 1538 868 at-

217 902 291 944 que
325 891 362 929 in
403 888 615 928 direfflonc
649 885 731 928 CO
765 886 967 930 direffima
1005 899 1132 928 motus
1152 886 1230 930 GF
1250 890 1440 929 contraria
1459 900 1538 931 tra-

216 953 408 1005 hentem3
451 952 623 1005 haecque
664 952 722 991 vis
765 953 802 991 in
842 951 972 994 locum
1021 951 1207 992 fiic'tionis
1256 951 1538 1006 substituenda,

214 1018 393 1071 quamdiu
428 1028 567 1069 corpus
599 1026 780 1056 mouetur
814 1016 1021 1067 aequaliter
1051 1025 1204 1056 motum
1239 1016 1428 1058 retardare
1458 1030 1535 1074 po-

212 1081 333 1121 nenda
368 1080 419 1120 est
439 1113 448 1130 ,
481 1092 702 1133 quacunque
736 1080 928 1120 celeritate
964 1092 1103 1133 corpus
1136 1090 1369 1133 moueatur3
1420 1080 1536 1121 fimu-

214 1145 272 1184 lac
307 1156 400 1184 vero
435 1155 573 1196 corpus
606 1143 651 1182 ad
683 1145 849 1195 quietem
883 1142 989 1183 suerit
1028 1142 1226 1183 red-aecum
1247 1175 1258 1194 ‚
1303 1153 1388 1183 tum
1432 1144 1535 1198 quafi

212 1220 283 1261 per
315 1206 451 1247 fiiltum
484 1206 612 1245 omnis
647 1206 725 1245 eius
758 1207 822 1247 xis
855 1205 976 1247 subito
1008 1206 1205 1246 annihilari
1237 1206 1420 1247 censenda
1460 1208 1531 1248 est.

213 1272 385 1311 Primum
419 1279 549 1309 autem
591 1270 764 1310 omnium
813 1270 1037 1323 intelligitur
1058 1296 1070 1319 ⁷
1117 1270 1301 1323 quoniam
1343 1271 1536 1313 {fictionis

214 1335 377 1375 direc‘tio
421 1346 498 1373 non
542 1345 610 1385 per
647 1334 820 1387 corporis
859 1345 1032 1374 centrum
1066 1334 1256 1386 grauitatis
1290 1331 1329 1376 G
1363 1335 1530 1390 transit,

214 1411 293 1438 non
327 1398 447 1437 solum
480 1409 500 1436 a
530 1396 709 1436 frictione
744 1407 896 1438 motum
930 1398 1103 1449 corporis
1146 1397 1420 1450 progressiuum
1464 1411 1528 1438 re-

212 1462 347 1502 tardari
380 1461 515 1501 debere
537 1492 547 1510 ,
581 1472 715 1501 verum
749 1462 864 1501 etiam
897 1474 951 1502 ex
981 1460 1164 1500 fric‘tionis
1197 1461 1239 1499 vi
1274 1471 1524 1504 momentum

212 1525 364 1576 enasci,
398 1524 499 1578 quod
532 1524 664 1564 tendet
696 1524 742 1564 ad
775 1535 928 1565 motum
963 1524 1192 1565 rotatorium
1228 1525 1384 1577 corpori
1424 1526 1525 1567 circa

212 1602 327 1629 :ntem
361 1587 644 1629 horizontalem
686 1601 754 1641 per
794 1598 966 1629 centrum
1010 1588 1200 1641 grauitatis
1237 1588 1391 1628 duc'tnm
1433 1602 1526 1630 nor-

210 1653 353 1693 malem
372 1652 418 1692 ad
451 1651 704 1691 directionem
739 1662 867 1693 motus
884 1652 920 1695 G
934 1653 963 1693 F
982 1653 1020 1691 in
1039 1651 1255 1692 ducendum
1276 1683 1288 1701 ,
1322 1652 1360 1691 in
1379 1651 1523 1695 sensum

211 1713 397 1757 DHAC
417 1748 427 1766 ,
472 1715 536 1755 vel
562 1716 665 1768 quod
685 1716 824 1756 eodem
860 1718 958 1756 redit
993 1715 1038 1755 ad
1072 1728 1213 1767 corpus
1246 1716 1344 1754 circa
1369 1716 1407 1755 A
1428 1729 1522 1770 pro-

208 1779 460 1820 sternendum.
535 1779 716 1833 Haecque
749 1780 845 1820 adeo
884 1780 1087 1834 prostratio
1119 1779 1206 1819 τιᾶιι
1244 1779 1424 1833 eueniet,
1453 1781 1526 1823 nifi

208 1843 430 1897 magnitudo
471 1842 560 1883 basis
592 1843 636 1883 sit
676 1844 974 1896 impedimento.

326 1908 361 1955 ς.
410 1917 480 1955 17.
524 1903 628 1946 Cum
670 1907 782 1960 igitur
815 1906 942 1949 frictio
975 1908 1018 1948 fit
1050 1907 1112 1947 vis
1145 1915 1297 1948 motum
1330 1909 1524 1951 retardare

210 1970 369 2020 valens,
402 1981 445 2008 ea
479 1982 566 2010 cum
601 1971 640 2009 vi
675 1971 868 2023 grauitatis
911 1971 1163 2024 comparari,
1202 1980 1313 2024 atque
1332 1971 1431 2012 adeo
1447 1986 1523 2028 per

208 2033 356 2086 pondus
389 2032 591 2072 mensurari
625 2035 781 2086 poterit.
848 2036 919 2076 Per
951 2036 1262 2088 experimentum
1282 2046 1409 2076 autem
1445 2049 1523 2091 pro

207 2098 345 2151 quovis
361 2095 441 2135 casu
458 2097 605 2150 pondus
620 2096 788 2151 affignari
807 2100 935 2154 potest
954 2131 965 2152 ‚
999 2099 1102 2154 quod
1136 2097 1305 2140 frietioni
1345 2101 1518 2153 acquina-

1436 2161 1519 2203 leat
