2044 2735
545 136 631 174 με)
871 120 949 160 DE
985 115 1164 161 MOTV
1193 117 1509 162 CORPORVM

543 237 849 286 consideramus⁷
884 236 933 275 ita
970 247 1013 276 vt
1048 235 1091 276 sit
1126 244 1253 275 motus
1283 234 1488 274 rotatorius
1521 231 1670 274 infinite
1713 245 1846 288 paruus

540 300 710 352 respectu
747 309 876 338 motus
909 299 1156 352 progrelliui·.
1191 310 1244 337 ex
1277 309 1354 351 quo
1388 297 1571 351 punctum
1606 296 1644 336 A
1689 299 1845 351 planum

540 365 675 402 eadem
706 358 897 403 celeritate
927 363 1034 403 radet
1054 395 1064 415 ,
1097 375 1139 403 ac
1173 362 1200 403 fi
1234 362 1354 401 nullus
1386 360 1509 401 adhuc
1542 361 1683 401 adesset
1720 370 1847 402 motus

538 427 757 466 rotatorius.

658 491 691 538 §.
730 497 801 532 28.
836 490 903 530 Ex
936 489 994 530 his
1024 498 1151 529 tamen
1184 488 1418 539 intelligitur,
1453 497 1603 528 motum
1637 499 1848 541 corporum

542 563 594 592 ex
630 553 862 605 progrcssiuo
895 562 933 592 et
966 555 1155 593 rotatorio
1189 552 1356 590 mixti-m
1395 552 1601 591 admodum
1634 551 1714 591 fore
1755 552 1850 590 irre-

543 616 710 668 gularem
732 650 742 668 ,
778 618 940 670 ideoque
979 616 1228 657 determinata
1277 613 1486 654 difficilem.
1563 615 1699 656 Motus
1743 615 1850 654 enim

543 681 745 719 rotatorius
794 682 963 733 primum
1006 690 1210 732 conceptus
1253 688 1329 717 tam
1372 678 1435 717 diu
1475 688 1624 718 tantum
1675 679 1850 730 durabit,

543 743 668 794 quoad
703 744 773 783 alia
806 744 976 796 corporis
1007 743 1113 783 iacies
1148 743 1216 782 lese
1236 741 1351 794 plano
1369 741 1450 781 OV
1474 742 1651 794 applicet,
1672 743 1709 781 id
1730 741 1851 795 quod-

541 816 628 845 cum
664 805 898 859 percullione
931 805 996 845 fiet
1016 839 1026 857 ,
1059 806 1208 858 hocque
1226 804 1305 844 casu
1325 814 1453 844 motus
1472 806 1711 844 continuatio
1731 807 1849 844 etiam

541 878 594 906 ex
641 869 885 921 percuffioais
924 869 1056 922 regulis
1097 868 1245 909 definiri
1285 868 1407 907 debet.
1484 867 1571 908 Hoc
1614 869 1725 920 igitur
1765 880 1852 907 cum

543 934 712 972 euenerit
747 945 873 973 motus
890 933 1091 972 rotatorius
1113 965 1123 983 ,
1157 932 1181 972 si
1202 931 1353 984 quidem
1372 931 1527 971 subsistet
1546 963 1555 979 ‚
1575 931 1693 970 subito
1710 932 1849 971 immu-

545 993 682 1035 tabitur
703 1028 713 1047 ,
746 997 838 1037 dum
870 1008 1008 1048 corpus
1040 996 1114 1035 alio
1147 995 1285 1047 angulo
1318 996 1355 1033 in
1390 995 1542 1048 planum
1569 995 1752 1046 innititur,
1785 1006 1853 1033 ne-

545 1069 617 1110 que
647 1059 692 1098 ad
728 1060 826 1102 hunc
867 1071 1013 1099 nouum
1054 1068 1207 1099 motum
1252 1059 1478 1097 rotatorium
1519 1058 1851 1097 determinandum

544 1119 703 1162 sufficiet
738 1125 794 1163 vti
827 1124 866 1162 in
891 1123 1018 1175 primo
1051 1121 1098 1161 ad
1131 1121 1322 1160 criterium
1357 1131 1444 1160 ante
1475 1121 1605 1160 datum
1640 1121 1760 1160 solum
1784 1119 1855 1159 res-

544 1181 721 1236 pexisse,
757 1185 816 1225 sed
849 1185 964 1224 etiam
1001 1183 1046 1223 ad
1079 1193 1236 1224 motum
1266 1184 1493 1223 rotatorinm
1527 1193 1614 1223 ante
1649 1184 1727 1223 iam
1760 1195 1855 1222 cou-

544 1255 700 1299 ceptum
720 1249 861 1289 attendi
880 1256 1066 1302 oportet,
1099 1257 1280 1301 quatenus
1307 1259 1374 1300 per
1401 1259 1489 1287 eum
1517 1260 1657 1300 corpus
1683 1247 1858 1287 incitatur

545 1309 594 1349 ad
628 1323 771 1353 nouum
806 1321 959 1352 motum
995 1312 1222 1351 rotatorium
1256 1311 1529 1363 recipiendum.
1573 1312 1754 1364 Haecque
1773 1323 1854 1350 cau-

547 1373 622 1413 tela
655 1376 769 1415 toties
801 1375 853 1414 est
885 1375 1117 1428 repetenda,
1152 1375 1299 1428 quoties
1332 1373 1401 1413 alia
1434 1374 1524 1413 basis
1558 1376 1672 1428 plano
1689 1374 1858 1428 applica-

549 1443 632 1487 tur,
666 1438 733 1477 vbi
764 1439 909 1490 semper
940 1437 1037 1490 quasi
1075 1450 1142 1489 per
1176 1437 1305 1477 saltum
1343 1437 1380 1475 in
1414 1448 1523 1477 motu
1542 1439 1703 1478 mutatio
1725 1437 1858 1476 subita-

550 1510 620 1538 nea
655 1501 890 1552 producitur.
956 1500 1125 1540 Tametsi
1157 1511 1283 1540 autem
1320 1510 1448 1540 motus
1481 1502 1680 1541 rotatorius
1705 1500 1779 1539 sinc
1802 1512 1856 1540 re-

549 1559 677 1614 specstn
713 1564 758 1603 ad
792 1562 1065 1616 progreffiunm
1098 1563 1230 1602 habito
1262 1564 1408 1604 calculo
1443 1564 1565 1603 subiici
1611 1564 1765 1616 potest,
1801 1573 1858 1602 ta-

551 1637 646 1665 men
679 1637 865 1679 perpetuo
897 1625 1004 1666 simul
1037 1627 1081 1666 ad
1117 1638 1269 1667 motuni
1290 1627 1560 1680 progresliuum
1584 1627 1715 1680 respici
1741 1639 1860 1678 opor-

550 1697 635 1739 tet,
671 1700 713 1728 vt
751 1699 877 1741 pateat
909 1691 1085 1741 quamdiu
1119 1690 1236 1741 basis,
1272 1703 1342 1743 qna
1375 1703 1512 1743 corpus
1548 1691 1662 1743 plano
1691 1690 1860 1728 innititur

550 1751 590 1790 in
631 1752 840 1792 diree‘tione
883 1751 966 1791 AV
1010 1754 1270 1805 progrediatur
1311 1763 1349 1792 et
1386 1764 1521 1806 quanta
1557 1753 1746 1792 celeritate
1783 1753 1856 1805 pla-

551 1826 645 1854 num
679 1815 782 1854 radat
802 1847 812 1865 ,
846 1815 871 1855 si
905 1815 1010 1854 enim
1046 1816 1109 1855 ista
1143 1816 1234 1855 basis
1267 1815 1455 1868 quiescat,
1490 1825 1570 1855 tum
1604 1815 1732 1856 frid'tio
1770 1828 1860 1856 om-

552 1879 646 1917 nino
679 1875 824 1930 cessat,
859 1878 884 1918 si
919 1887 1046 1917 autem
1090 1879 1344 1918 antecedentia
1390 1879 1510 1919 versus
1552 1879 1729 1930 incedat,
1773 1889 1857 1919 tum

552 1939 672 1981 subito
689 1940 814 1981 frie'tio
833 1940 874 1980 fit
896 1942 1080 1993 negatiua,
1094 1953 1314 1995 motumque
1336 1941 1607 1995 progrelliuum
1627 1942 1859 1982 accelerabit.

670 2005 702 2052 ξ.
732 2017 800 2052 29.
845 2006 909 2046 Ob
952 2004 1045 2043 haec
1088 2005 1203 2057 igitur
1243 2005 1428 2044 obstacula
1477 2007 1661 2046 eiusmodi
1709 2016 1858 2046 tantum

553 2079 718 2122 corpora
751 2069 923 2109 examini
956 2066 1216 2121 stibiicicmus,
1248 2081 1411 2124 quorum
1445 2078 1574 2110 motus
1604 2069 1710 2123 super
1745 2068 1861 2123 plano

1775 2131 1862 2173 OV
