2044 2735
182 161 504 206 ACADEMIA
522 158 742 204 MEDICA
761 155 985 203 OBSERV
1004 157 1328 203 HISTORICA.
1410 174 1464 211 45
1479 175 1494 201 1

181 291 219 320 te
249 281 399 321 oriundi
427 280 498 321 iilis
521 280 737 333 regionibus
765 280 1021 333 consederint3
1038 279 1174 333 quibus
1190 278 1319 332 postea
1339 277 1400 318 sub
1420 279 1503 320 Ro-

183 347 308 385 manis,
335 358 412 385 non
443 346 551 398 pauci
579 343 811 385 accesserunt
833 360 841 385 ;
863 343 1013 398 prorsus
1028 353 1073 383 vt
1091 342 1201 395 Syria
1218 353 1257 383 et
1277 342 1502 395 Mesopota-

179 411 258 448 mia
288 411 418 449 omnis
442 408 684 451 Graecorum
713 406 833 448 essent
850 409 999 462 plenae.
1051 408 1255 462 Quumque
1287 405 1501 447 Christiana

178 475 313 526 religio
334 475 572 527 vndiquaqne
592 472 849 523 inualesceret,
877 484 1040 525 eamque
1070 470 1219 524 professi
1238 471 1418 511 antistites
1436 471 1502 513 ha-

179 538 310 577 berent
323 570 332 587 ,
353 539 414 590 qui
436 535 675 577 Graecorum
696 536 930 575 institutione
950 536 1005 575 vsi
1025 534 1188 586 fuerant,
1208 544 1390 589 certeque
1410 546 1500 573 con-

178 602 371 641 suetudine
394 601 558 655 ipsorum
577 611 706 641 carere
726 612 805 639 non
826 608 1018 653 poterant,
1034 611 1151 653 quum
1171 598 1254 638 libri
1272 598 1504 639 ecclesiastici

179 678 318 705 omnes
353 676 391 704 et
425 663 575 716 Synodi
609 662 882 718 antiquissimae
916 662 977 704 illa
1007 663 1136 717 lingua
1163 673 1342 703 exaratae
1359 660 1504 703 effent:

177 729 261 768 satis
296 741 392 768 vero
427 729 549 769 videri
584 728 705 770 simile
746 728 893 781 debet,
933 727 974 767 in
1006 737 1066 767 tot
1099 726 1325 768 hominibus
1360 727 1507 780 aliquos

178 792 283 833 fnisse
305 825 314 843 ‚
359 794 424 847 qui
468 793 539 833 arti
581 793 628 833 ad
659 804 871 846 corporum
912 792 1171 832 valetudinem
1207 791 1508 831 conseruandam

179 867 217 897 et
251 857 497 909 reparandam
533 867 611 897 tam
646 855 870 897 necessariae
911 856 1077 910 pretium
1113 855 1268 909 aliquod
1294 856 1506 896 statuerent‚

298 922 431 976 Quum
466 932 587 974 porro
621 921 709 970 isti,
742 921 807 975 qui
841 921 881 960 in
916 919 1126 974 prouinciis
1156 918 1348 960 Persarum
1382 918 1510 959 domi-

180 986 248 1024 nio
281 985 451 1026 subicffls
493 984 740 1036 habitabant,
783 987 933 1039 quoties
964 984 1061 1027 bella
1101 996 1191 1025 cum
1226 983 1412 1026 Romanis
1444 994 1510 1035 ge·

181 1049 359 1090 rebantur
378 1083 388 1101 ,
430 1060 510 1089 non
550 1049 628 1090 fine
670 1049 845 1103 periculo
885 1050 966 1090 satis
1007 1057 1114 1089 certo
1153 1047 1256 1088 vltra
1298 1046 1395 1088 fines
1426 1046 1509 1087 suos

182 1114 361 1167 progredi
397 1111 584 1167 possent3
619 1123 732 1167 atque
765 1113 792 1154 fi
822 1126 895 1168 per
926 1113 1108 1154 dominos
1149 1111 1187 1153 id
1221 1108 1508 1164 lieuiffet‚ipfis

182 1179 371 1219 Romanis
421 1177 608 1230 suspetstos
657 1178 692 1217 se
735 1177 816 1218 fore
859 1176 1038 1219 nossent:
1075 1188 1269 1231 porroque
1313 1175 1509 1229 religionis

182 1240 286 1282 caula
321 1255 398 1282 non
435 1254 570 1294 parum
606 1241 691 1295 ipsis
724 1243 919 1283 molestiae
952 1242 1052 1296 apud
1085 1242 1287 1283 Romanos
1304 1248 1508 1281 crearetur:

182 1305 280 1346 haec
314 1307 448 1347 omnia
484 1306 661 1346 videntur
694 1306 938 1348 necessariam
971 1307 1070 1347 hanc
1104 1305 1174 1346 illis
1206 1317 1334 1346 curam
1366 1300 1509 1355 secifl‘e,

182 1380 228 1410 vt
262 1369 372 1410 domi
414 1370 495 1410 fine
529 1369 672 1410 alerent
716 1370 822 1411 viros
854 1371 1071 1412 medicinae
1111 1368 1371 1412 Graecanicae
1403 1367 1509 1421 peri-

183 1443 273 1483 tos,
318 1447 483 1488 qnorum
536 1446 615 1487 ope
665 1432 819 1490 possent
877 1437 934 1475 vti
958 1467 969 1487 ,
1012 1433 1078 1474 vel
1128 1434 1193 1488 qui
1243 1431 1509 1474 valetudinem

183 1497 369 1539 afflic‘iam
413 1499 625 1551 sentirent,
668 1499 732 1539 vel
774 1500 837 1553 qui
879 1498 1017 1540 discere
1058 1497 1236 1550 vellent,
1279 1509 1358 1552 quo
1390 1496 1510 1549 paeto

183 1560 277 1602 esset
338 1563 626 1603 succurrendum
685 1564 724 1602 in
775 1564 952 1616 periculo
1002 1561 1248 1603 versantibus.
1317 1559 1510 1602 Efficiunt

184 1627 301 1666 etiam
345 1627 437 1667 haec
471 1626 573 1667 dicia
594 1658 604 1678 ‚
646 1636 691 1666 vt
723 1625 842 1668 fidem
877 1626 1090 1677 habeamus,
1123 1624 1356 1666 medicinam
1393 1622 1513 1664 semel

184 1691 222 1730 in
259 1690 422 1731 Persi-am
454 1690 614 1731 delatam
656 1690 813 1731 studiose
846 1689 951 1731 fuiffe
996 1690 1112 1732 fotam
1150 1698 1188 1728 et
1220 1689 1510 1729 conseruatam:

187 1764 297 1806 atque
330 1753 490 1795 seorsum
516 1754 685 1794 scholam
719 1753 1000 1809 Gandisaporae
1031 1753 1223 1794 fundatam
1257 1752 1410 1806 semper
1443 1750 1513 1791 ha·

186 1817 301 1858 bniffe
342 1829 523 1872 patronos
545 1850 556 1869 ,
596 1819 660 1873 qui
700 1819 972 1860 conseruandae
1014 1819 1142 1859 eidem
1182 1826 1223 1858 et
1266 1815 1512 1858 exornandae

185 1894 346 1935 operam
378 1883 521 1924 darent.
559 1881 561 1884 ⁴

303 1944 426 1987 Fuiffe
461 1949 497 1987 in
530 1946 594 1986 illa
627 1946 722 1987 vrbe
754 1947 1025 1988 nosocomium
1047 1977 1057 1997 ‚
1093 1944 1197 1999 quod
1230 1943 1434 1998 praecipue
1454 1941 1514 1982 in-

186 2008 371 2049 seruiebat
411 2011 456 2050 ad
496 2020 617 2051 artem
664 2011 981 2052 instituendorum
1023 2008 1327 2059 commoditati,
1362 2015 1513 2061 praeter

188 2073 515 2126 Almlphai·-.igiuin
551 2075 683 2115 multis
726 2075 818 2116 locis
851 2075 1080 2129 comprobat
1122 2085 1175 2114 ex
1210 2072 1361 2112 ineditis
1394 2069 1509 2122 Syro.

186 2150 272 2178 rum
313 2149 351 2179 et
393 2139 567 2179 Arabum
610 2139 712 2180 libris
752 2139 896 2180 illustris
937 2139 1133 2181 dostrinae
1172 2137 1236 2178 vir
1268 2133 1517 2242 ASSEMAS-

755 2202 791 2243 L
809 2202 820 2242 l
840 2203 852 2242 1
874 2215 899 2242 2
1404 2197 1485 2242 NV
