2044 2735
256 131 436 176 SVPER
469 124 662 174 PLANO
702 125 1122 172 HORIZONTALI
1153 126 1380 173 ASPERO
1477 144 1569 183 229

258 250 449 307 pressione
463 249 638 302 corporis
658 257 790 289 contra
818 247 974 301 planum
995 248 1249 290 consumetur.
1286 249 1351 290 Ob
1377 248 1478 290 hunc
1508 249 1565 303 ip.

258 316 340 357 sum
384 325 511 354 autem
563 313 747 352 effe-‘stum
797 312 959 363 grauitas
1002 313 1039 351 in
1084 312 1160 351 hoc
1205 315 1362 366 negotio
1393 315 1569 354 maixime

257 380 415 434 spe-Stati
450 378 590 427 debet,
625 388 715 414 cum
750 387 799 413 ex
833 388 881 414 eo
916 377 1102 428 quantitas
1136 376 1572 418 fiiCtionisdetermine-

258 456 347 495 tur,
385 456 405 482 a
444 455 515 495 quzi
539 471 550 490 ‚
586 438 915 494 quemadmodum
950 451 1077 478 motus
1110 453 1322 494 corporum
1357 441 1466 495 super
1492 441 1575 495 pla·

259 522 312 548 no
347 503 583 550 horizontali
617 502 788 542 turbetur
820 502 1103 554 iiitldiigzltilrtls
1136 503 1226 544 iiim.
1296 504 1405 544 Plura
1437 516 1571 546 autem

258 574 341 613 sunt
375 570 687 622 impedimenta,
721 565 853 618 quibus
892 575 1020 605 motus
1058 579 1266 620 corporum
1308 569 1414 622 super
1454 569 1571 623 plano

260 633 492 677 horizontali
526 630 764 680 retardatum
802 641 967 682 namque
999 640 1149 682 practer
1180 631 1399 672 fric‘tionem
1421 666 1431 684 ‚
1474 643 1570 686 quae

259 701 306 740 ab
338 698 531 751 asperitate
565 693 773 746 superficiei
808 691 1060 734 horizontalis
1090 696 1211 735 oritur
1230 729 1239 747 ,
1275 696 1425 736 hii-[ntia
1445 697 1567 750 stiper-

258 763 360 805 ficiei
392 761 481 800 ideo
511 769 665 811 quoque
697 765 854 796 motum
876 757 1058 798 diminuit
1076 791 1086 809 ‚
1121 762 1219 812 quod
1239 773 1377 813 corpus
1394 761 1570 801 filamen-

259 838 328 879 ta,
371 824 502 878 quibus
537 821 694 874 planum
740 820 794 860 est
839 821 1023 873 oblitum,
1066 823 1284 876 deprimere
1316 826 1494 878 cogitur,
1530 823 1569 864 id

256 890 360 944 quod
395 887 471 928 sine
506 895 632 925 motus
663 884 923 925 diminutione
957 885 1040 926 fieri
1061 888 1204 940 nequit.
1272 888 1469 929 Praeterea
1500 899 1569 927 ve-

254 967 302 996 to
343 951 550 993 resistentia
589 949 686 988 aeris
726 951 855 989 motui
891 951 1066 1003 corporis
1114 963 1193 990 non
1244 965 1382 1005 parum
1434 951 1572 1003 obest,

257 1028 339 1059 tam
374 1023 536 1070 propter
568 1013 748 1052 inertiam
769 1046 778 1063 ,
811 1025 865 1053 ex
898 1028 971 1067 qua
1004 1014 1209 1055 resistentia
1248 1017 1430 1069 quadrato
1471 1016 1572 1055 cele·

255 1083 376 1123 titatis
411 1076 713 1133 proportionalis
744 1077 925 1129 resultat,
968 1091 1086 1130 qnam
1121 1088 1279 1132 propter
1312 1081 1570 1129 tensuit-atem,

257 1159 332 1200 qua
366 1144 458 1184 aeris
491 1141 694 1195 particulae
728 1141 828 1179 inter
861 1142 897 1181 se
936 1142 1145 1182 cohaerent
1168 1175 1178 1193 ,
1223 1144 1326 1184 vnde
1367 1143 1570 1184 resistentia

259 1209 428 1263 gignitur
461 1205 634 1245 constans
668 1203 729 1244 seu
763 1204 976 1244 momentis
1009 1215 1231 1258 temporum
1253 1207 1568 1261 proportionalis.

377 1272 410 1319 §.
464 1282 531 1318 14.
576 1267 668 1322 Quo
707 1267 817 1319 igitur
865 1268 1006 1308 facilius
1051 1270 1359 1311 redardationem
1410 1280 1572 1323 motus,

260 1348 353 1391 quae
385 1335 431 1374 ab
464 1333 520 1373 his
553 1331 842 1383 impedimentis
876 1341 957 1372 tam
989 1332 1134 1385 singulis
1168 1333 1322 1374 seorsim
1356 1335 1570 1375 considera-

261 1403 310 1441 tis
341 1411 458 1453 quam
492 1395 673 1435 omnibus
705 1395 921 1435 coniunctis
955 1397 1205 1449 producitur,
1241 1399 1415 1451 primum
1459 1411 1570 1439 men-

260 1475 344 1505 tem
377 1462 423 1502 ab
455 1458 632 1500 omnibus
665 1458 920 1499 abstrahemns
939 1491 950 1510 ,
984 1469 1028 1499 vt
1054 1460 1316 1514 intelligamus
1335 1495 1345 1513 ,
1378 1463 1571 1503 cuiusmo-

261 1529 298 1569 di
336 1537 461 1568 motus
492 1522 664 1575 corporis
696 1520 770 1562 effe
806 1523 940 1563 debe-„it
961 1555 972 1574 ,
1009 1523 1035 1564 si
1070 1537 1195 1579 neque
1229 1525 1416 1566 scabrities
1447 1537 1573 1579 neque

260 1591 411 1632 hirsuti-01
442 1588 576 1642 plani,
610 1598 731 1639 neque
765 1587 883 1626 etiam
917 1587 1120 1629 resistentia
1153 1589 1247 1629 aeris
1281 1589 1406 1630 vllum
1448 1590 1575 1629 obsta·

259 1655 387 1695 culum
422 1653 550 1693 motui
593 1650 762 1689 obiiciat.
828 1648 1108 1705 Concipiamus
1141 1654 1265 1706 itaque
1297 1653 1455 1706 planum
1496 1653 1572 1693 ho-

258 1718 444 1761 rizontale
487 1713 757 1769 perfectissime
800 1715 964 1767 politum
989 1748 999 1767 ‚
1042 1726 1154 1770 atque
1192 1716 1352 1769 spatium
1396 1718 1442 1757 ab
1482 1719 1571 1758 ae're

260 1783 405 1838 prorsus
437 1791 617 1820 vacnum.
684 1775 748 1817 Sic
784 1777 898 1830 igitur
939 1779 1092 1820 dubium
1134 1781 1208 1821 erit
1250 1781 1396 1821 nullum
1418 1813 1430 1833 7
1480 1783 1571 1834 quin

259 1859 396 1899 corpus
427 1853 581 1884 motum
616 1840 891 1895 progreffiuum
919 1875 930 1894 ,
974 1856 1093 1897 quem
1134 1843 1251 1884 semel
1291 1845 1346 1885 est
1385 1845 1568 1898 adeptum

262 1919 450 1964 perpetuo
492 1907 657 1947 eundem
700 1906 743 1946 sit
781 1909 1084 1948 conserunturnm
1106 1938 1117 1952 ‚
1156 1921 1199 1948 ac
1241 1919 1352 1949 motu
1387 1909 1572 1962 aequabili

262 1976 302 2014 in
346 1971 534 2011 directum
587 1970 664 2010 sine
705 1968 783 2009 vlla
822 1971 1077 2011 retardatione
1118 1970 1418 2025 progressurum.
1503 1972 1573 2012 Sin

264 2047 392 2078 autem
426 2047 565 2086 corpus
598 2033 768 2073 habuerit
803 2044 959 2075 motum
993 2037 1225 2076 rotatorium
1245 2037 1344 2076 circa
1369 2048 1484 2076 axem
1506 2048 1575 2088 per

265 2108 438 2142 centrum
480 2096 671 2153 grauitatis
712 2098 966 2138 tranieuntem
1015 2113 1059 2141 ac
1106 2110 1400 2156 permanentem
1430 2132 1441 2151 ‚
1489 2109 1573 2138 tum

831 2162 862 2203 F
880 2163 902 2202 f
927 2176 952 2214 3
1454 2162 1574 2203 etiam
