<?xml version="1.0" encoding="UTF-8"?>
<!DOCTYPE html PUBLIC "-//W3C//DTD XHTML 1.0 Transitional//EN"
    "http://www.w3.org/TR/xhtml1/DTD/xhtml1-transitional.dtd">
<html xmlns="http://www.w3.org/1999/xhtml" xml:lang="en" lang="en">
 <head>
  <title>
</title>
<meta http-equiv="Content-Type" content="text/html;charset=utf-8" />
  <meta name='ocr-system' content='tesseract 3.04.00' />
  <meta name='ocr-capabilities' content='ocr_page ocr_carea ocr_par ocr_line ocrx_word'/>
</head>
<body>
  <div class='ocr_page' id='page_1' title='image "./commentariiacade13impe/commentariiacade13impe_0254.png"; bbox 0 0 2044 2735; ppageno 0'>
   <div class='ocr_carea' id='block_1_1' title="bbox 523 107 1506 176">
    <p class='ocr_par' dir='ltr' id='par_1_1' title="bbox 523 107 1506 176">
     <span class='ocr_line' id='line_1_1' title="bbox 523 107 1506 176; baseline -0.009 -12"><span class='ocrx_word' id='word_1_1' title='bbox 523 119 619 176; x_wconf 73' lang='lat'>246</span> <span class='ocrx_word' id='word_1_2' title='bbox 862 112 950 158; x_wconf 65' lang='lat' dir='ltr'>⁴m:</span> <span class='ocrx_word' id='word_1_3' title='bbox 979 107 1152 160; x_wconf 80' lang='lat' dir='ltr'><em>MOTV</em></span> <span class='ocrx_word' id='word_1_4' title='bbox 1181 107 1506 156; x_wconf 81' lang='lat' dir='ltr'><em>CORPORVM</em></span> 
     </span>
    </p>
   </div>
   <div class='ocr_carea' id='block_1_2' title="bbox 525 227 1844 412">
    <p class='ocr_par' dir='ltr' id='par_1_2' title="bbox 525 227 1844 412">
     <span class='ocr_line' id='line_1_2' title="bbox 525 227 1844 284; baseline -0.006 -7"><span class='ocrx_word' id='word_1_5' title='bbox 525 231 676 278; x_wconf 77' lang='lat' dir='ltr'>adeffet.</span> <span class='ocrx_word' id='word_1_6' title='bbox 740 229 1004 284; x_wconf 80' lang='lat' dir='ltr'>Progrediatur</span> <span class='ocrx_word' id='word_1_7' title='bbox 1041 230 1117 271; x_wconf 86' lang='lat' dir='ltr'>iam</span> <span class='ocrx_word' id='word_1_8' title='bbox 1162 227 1308 283; x_wconf 72' lang='lat' dir='ltr'>pumsto</span> <span class='ocrx_word' id='word_1_9' title='bbox 1347 229 1533 283; x_wconf 78' lang='lat' dir='ltr'>temporis</span> <span class='ocrx_word' id='word_1_10' title='bbox 1566 240 1700 282; x_wconf 76' lang='lat' dir='ltr'>corpus</span> <span class='ocrx_word' id='word_1_11' title='bbox 1731 239 1844 271; x_wconf 82' lang='lat' dir='ltr'>motu</span> 
     </span>
     <span class='ocr_line' id='line_1_3' title="bbox 527 291 1841 353; baseline -0.004 -16"><span class='ocrx_word' id='word_1_12' title='bbox 527 294 760 353; x_wconf 75' lang='lat' dir='ltr'>progressiuo</span> <span class='ocrx_word' id='word_1_13' title='bbox 798 307 865 348; x_wconf 87' lang='lat' dir='ltr'>per</span> <span class='ocrx_word' id='word_1_14' title='bbox 897 294 1095 348; x_wconf 87' lang='lat' dir='ltr'>spatiolum</span> <span class='ocrx_word' id='word_1_15' title='bbox 1118 291 1302 346; x_wconf 67' lang='lat' dir='ltr'>Gg--dx</span> <span class='ocrx_word' id='word_1_16' title='bbox 1319 325 1331 342; x_wconf 88' lang='lat'>,</span> <span class='ocrx_word' id='word_1_17' title='bbox 1365 303 1473 344; x_wconf 85' lang='lat' dir='ltr'>atque</span> <span class='ocrx_word' id='word_1_18' title='bbox 1494 293 1636 333; x_wconf 81' lang='lat' dir='ltr'>interea</span> <span class='ocrx_word' id='word_1_19' title='bbox 1654 294 1841 346; x_wconf 61' lang='lat' dir='ltr'>punctum</span> 
     </span>
     <span class='ocr_line' id='line_1_4' title="bbox 529 355 1842 412; baseline -0.003 -12"><span class='ocrx_word' id='word_1_20' title='bbox 529 363 575 404; x_wconf 84' lang='lat' dir='ltr'>M</span> <span class='ocrx_word' id='word_1_21' title='bbox 612 370 720 401; x_wconf 84' lang='lat' dir='ltr'>motu</span> <span class='ocrx_word' id='word_1_22' title='bbox 753 357 917 412; x_wconf 83' lang='lat' dir='ltr'>angulari</span> <span class='ocrx_word' id='word_1_23' title='bbox 959 357 1091 398; x_wconf 75' lang='lat' dir='ltr'>seretur</span> <span class='ocrx_word' id='word_1_24' title='bbox 1133 370 1201 410; x_wconf 83' lang='lat' dir='ltr'>per</span> <span class='ocrx_word' id='word_1_25' title='bbox 1233 355 1398 395; x_wconf 88' lang='lat' dir='ltr'>arculum</span> <span class='ocrx_word' id='word_1_26' title='bbox 1433 356 1525 397; x_wconf 88' lang='lat' dir='ltr'>Mm</span> <span class='ocrx_word' id='word_1_27' title='bbox 1547 389 1558 406; x_wconf 85' lang='lat'>,</span> <span class='ocrx_word' id='word_1_28' title='bbox 1590 367 1634 396; x_wconf 78' lang='lat' dir='ltr'>vt</span> <span class='ocrx_word' id='word_1_29' title='bbox 1667 356 1711 396; x_wconf 83' lang='lat' dir='ltr'>sit</span> <span class='ocrx_word' id='word_1_30' title='bbox 1742 355 1842 409; x_wconf 85' lang='lat' dir='ltr'>Gg:</span> 
     </span>
    </p>
   </div>
   <div class='ocr_carea' id='block_1_3' title="bbox 529 415 1848 674">
    <p class='ocr_par' dir='ltr' id='par_1_3' title="bbox 529 415 1848 604">
     <span class='ocr_line' id='line_1_5' title="bbox 529 415 1844 484; baseline -0.008 -6"><span class='ocrx_word' id='word_1_31' title='bbox 529 437 620 478; x_wconf 85' lang='lat' dir='ltr'>Mm</span> <span class='ocrx_word' id='word_1_32' title='bbox 640 447 695 474; x_wconf 70' lang='lat' dir='ltr'><strong><em>z</em></strong></span> <span class='ocrx_word' id='word_1_33' title='bbox 713 428 895 474; x_wconf 73' lang='lat' dir='ltr'>szVu</span> <span class='ocrx_word' id='word_1_34' title='bbox 914 465 925 484; x_wconf 89' lang='lat'>,</span> <span class='ocrx_word' id='word_1_35' title='bbox 959 432 1062 472; x_wconf 88' lang='lat' dir='ltr'>vnde</span> <span class='ocrx_word' id='word_1_36' title='bbox 1094 432 1216 471; x_wconf 80' lang='lat' dir='ltr'>oritur</span> <span class='ocrx_word' id='word_1_37' title='bbox 1256 428 1348 470; x_wconf 86' lang='lat' dir='ltr'>Mm</span> <span class='ocrx_word' id='word_1_38' title='bbox 1368 442 1424 468; x_wconf 71' lang='grc' dir='ltr'>Ξ</span> <span class='ocrx_word' id='word_1_39' title='bbox 1442 415 1576 484; x_wconf 47' lang='grc' dir='ltr'><strong>ᾴ-ᾖζὲ.</strong></span> <span class='ocrx_word' id='word_1_40' title='bbox 1644 428 1777 468; x_wconf 63' lang='lat' dir='ltr'>puncti</span> <span class='ocrx_word' id='word_1_41' title='bbox 1811 427 1844 468; x_wconf 95' lang='lat' dir='ltr'>C</span> 
     </span>
     <span class='ocr_line' id='line_1_6' title="bbox 529 492 1848 546; baseline -0.005 -6"><span class='ocrx_word' id='word_1_42' title='bbox 529 512 628 540; x_wconf 86' lang='lat' dir='ltr'>vero</span> <span class='ocrx_word' id='word_1_43' title='bbox 661 498 832 537; x_wconf 79' lang='lat' dir='ltr'>celeritas</span> <span class='ocrx_word' id='word_1_44' title='bbox 864 496 901 534; x_wconf 91' lang='lat' dir='ltr'>in</span> <span class='ocrx_word' id='word_1_45' title='bbox 935 495 1146 535; x_wconf 67' lang='lat' dir='ltr'>direffione</span> <span class='ocrx_word' id='word_1_46' title='bbox 1178 492 1250 534; x_wconf 90' lang='lat' dir='ltr'>CV</span> <span class='ocrx_word' id='word_1_47' title='bbox 1270 506 1321 533; x_wconf 87' lang='lat' dir='ltr'>cx</span> <span class='ocrx_word' id='word_1_48' title='bbox 1338 503 1497 546; x_wconf 73' lang='lat' dir='ltr'>Vtroque</span> <span class='ocrx_word' id='word_1_49' title='bbox 1532 503 1641 532; x_wconf 87' lang='lat' dir='ltr'>motu</span> <span class='ocrx_word' id='word_1_50' title='bbox 1675 492 1848 533; x_wconf 77' lang='lat' dir='ltr'>resultans</span> 
     </span>
     <span class='ocr_line' id='line_1_7' title="bbox 532 559 991 604; baseline -0.011 0"><span class='ocrx_word' id='word_1_51' title='bbox 532 564 602 604; x_wconf 90' lang='lat' dir='ltr'>erit</span> <span class='ocrx_word' id='word_1_52' title='bbox 637 574 692 600; x_wconf 73' lang='lat' dir='ltr'><strong><em>z</em></strong></span> <span class='ocrx_word' id='word_1_53' title='bbox 731 559 802 601; x_wconf 77' lang='lat' dir='ltr'>Vv</span> <span class='ocrx_word' id='word_1_54' title='bbox 834 582 875 586; x_wconf 93' lang='lat'>—</span> <span class='ocrx_word' id='word_1_55' title='bbox 910 559 991 598; x_wconf 82' lang='lat' dir='ltr'>Vu.</span> 
     </span>
    </p>

    <p class='ocr_par' dir='ltr' id='par_1_4' title="bbox 650 619 1848 674">
     <span class='ocr_line' id='line_1_8' title="bbox 650 619 1848 674; baseline -0.003 -11"><span class='ocrx_word' id='word_1_56' title='bbox 650 625 683 672; x_wconf 67' lang='grc' dir='ltr'>ξ.</span> <span class='ocrx_word' id='word_1_57' title='bbox 709 627 778 670; x_wconf 82' lang='grc'>36.</span> <span class='ocrx_word' id='word_1_58' title='bbox 813 622 923 664; x_wconf 79' lang='lat' dir='ltr'>Dum</span> <span class='ocrx_word' id='word_1_59' title='bbox 961 623 1072 674; x_wconf 82' lang='lat' dir='ltr'>igitur</span> <span class='ocrx_word' id='word_1_60' title='bbox 1102 633 1238 674; x_wconf 86' lang='lat' dir='ltr'>corpus</span> <span class='ocrx_word' id='word_1_61' title='bbox 1281 620 1516 674; x_wconf 82' lang='lat' dir='ltr'>progreditur</span> <span class='ocrx_word' id='word_1_62' title='bbox 1549 633 1615 673; x_wconf 86' lang='lat' dir='ltr'>per</span> <span class='ocrx_word' id='word_1_63' title='bbox 1647 619 1848 674; x_wconf 79' lang='lat' dir='ltr'>spatiolum</span> 
     </span>
    </p>
   </div>
   <div class='ocr_carea' id='block_1_4' title="bbox 538 683 1851 742">
    <p class='ocr_par' dir='ltr' id='par_1_5' title="bbox 538 683 1851 742">
     <span class='ocr_line' id='line_1_9' title="bbox 538 683 1851 742; baseline -0.004 -14"><span class='ocrx_word' id='word_1_64' title='bbox 538 687 576 732; x_wconf 90' lang='lat' dir='ltr'>G</span> <span class='ocrx_word' id='word_1_65' title='bbox 583 703 613 742; x_wconf 85' lang='lat' dir='ltr'><em>g</em></span> <span class='ocrx_word' id='word_1_66' title='bbox 635 688 795 739; x_wconf 59' lang='lat' dir='ltr'>trix,</span> <span class='ocrx_word' id='word_1_67' title='bbox 830 685 1014 740; x_wconf 57' lang='lat' dir='ltr'>punitum</span> <span class='ocrx_word' id='word_1_68' title='bbox 1050 683 1084 724; x_wconf 92' lang='lat' dir='ltr'>C</span> <span class='ocrx_word' id='word_1_69' title='bbox 1116 685 1221 738; x_wconf 90' lang='lat' dir='ltr'>super</span> <span class='ocrx_word' id='word_1_70' title='bbox 1254 685 1368 738; x_wconf 88' lang='lat' dir='ltr'>plano</span> <span class='ocrx_word' id='word_1_71' title='bbox 1400 684 1483 725; x_wconf 91' lang='lat' dir='ltr'>OV</span> <span class='ocrx_word' id='word_1_72' title='bbox 1518 683 1652 724; x_wconf 86' lang='lat' dir='ltr'>feretur</span> <span class='ocrx_word' id='word_1_73' title='bbox 1685 696 1752 737; x_wconf 88' lang='lat' dir='ltr'>per</span> <span class='ocrx_word' id='word_1_74' title='bbox 1771 683 1851 737; x_wconf 81' lang='lat' dir='ltr'>spa-</span> 
     </span>
    </p>
   </div>
   <div class='ocr_carea' id='block_1_5' title="bbox 541 751 1852 820">
    <p class='ocr_par' dir='ltr' id='par_1_6' title="bbox 541 751 1852 820">
     <span class='ocr_line' id='line_1_10' title="bbox 541 751 1852 820; baseline -0.001 -13"><span class='ocrx_word' id='word_1_75' title='bbox 541 767 680 807; x_wconf 87' lang='lat' dir='ltr'>tiolum</span> <span class='ocrx_word' id='word_1_76' title='bbox 715 763 748 804; x_wconf 90' lang='lat' dir='ltr'>C</span> <span class='ocrx_word' id='word_1_77' title='bbox 767 778 787 805; x_wconf 92' lang='lat' dir='ltr'><em>c</em></span> <span class='ocrx_word' id='word_1_78' title='bbox 806 779 862 805; x_wconf 67' lang='lat' dir='ltr'><strong><em>z</em></strong></span> <span class='ocrx_word' id='word_1_79' title='bbox 879 751 1123 820; x_wconf 46' lang='lat' dir='ltr'>(ist-vffstss</span> <span class='ocrx_word' id='word_1_80' title='bbox 1137 759 1157 791; x_wconf 66' lang='lat'>³?</span> <span class='ocrx_word' id='word_1_81' title='bbox 1189 767 1399 820; x_wconf 81' lang='lat' dir='ltr'>intereaque</span> <span class='ocrx_word' id='word_1_82' title='bbox 1433 775 1583 806; x_wconf 88' lang='lat' dir='ltr'>tantum</span> <span class='ocrx_word' id='word_1_83' title='bbox 1617 766 1776 818; x_wconf 84' lang='lat' dir='ltr'>spatium</span> <span class='ocrx_word' id='word_1_84' title='bbox 1797 764 1852 809; x_wconf 82' lang='lat' dir='ltr'>Cc</span> 
     </span>
    </p>
   </div>
   <div class='ocr_carea' id='block_1_6' title="bbox 539 828 1859 1202">
    <p class='ocr_par' dir='ltr' id='par_1_7' title="bbox 539 828 1859 1202">
     <span class='ocr_line' id='line_1_11' title="bbox 539 828 1851 885; baseline -0.002 -14"><span class='ocrx_word' id='word_1_85' title='bbox 539 840 651 872; x_wconf 89' lang='lat' dir='ltr'>motu</span> <span class='ocrx_word' id='word_1_86' title='bbox 686 829 749 870; x_wconf 90' lang='lat' dir='ltr'>suo</span> <span class='ocrx_word' id='word_1_87' title='bbox 782 829 898 868; x_wconf 82' lang='lat' dir='ltr'>radet.</span> <span class='ocrx_word' id='word_1_88' title='bbox 964 829 1108 885; x_wconf 76' lang='lat' dir='ltr'>Quodsi</span> <span class='ocrx_word' id='word_1_89' title='bbox 1142 839 1270 870; x_wconf 90' lang='lat' dir='ltr'>autem</span> <span class='ocrx_word' id='word_1_90' title='bbox 1304 840 1430 870; x_wconf 85' lang='lat' dir='ltr'>motus</span> <span class='ocrx_word' id='word_1_91' title='bbox 1461 830 1658 869; x_wconf 79' lang='lat' dir='ltr'>rotatorius</span> <span class='ocrx_word' id='word_1_92' title='bbox 1690 828 1851 882; x_wconf 68' lang='lat' dir='ltr'>abesset,</span> 
     </span>
     <span class='ocr_line' id='line_1_12' title="bbox 541 889 1853 946; baseline -0.001 -11"><span class='ocrx_word' id='word_1_93' title='bbox 541 905 624 935; x_wconf 87' lang='lat' dir='ltr'>tum</span> <span class='ocrx_word' id='word_1_94' title='bbox 660 892 844 946; x_wconf 70' lang='lat' dir='ltr'>punctum</span> <span class='ocrx_word' id='word_1_95' title='bbox 881 889 916 931; x_wconf 91' lang='lat' dir='ltr'>C</span> <span class='ocrx_word' id='word_1_96' title='bbox 950 894 1096 933; x_wconf 81' lang='lat' dir='ltr'>raderet</span> <span class='ocrx_word' id='word_1_97' title='bbox 1130 893 1270 933; x_wconf 89' lang='lat' dir='ltr'>eodem</span> <span class='ocrx_word' id='word_1_98' title='bbox 1302 893 1543 946; x_wconf 88' lang='lat' dir='ltr'>tempusculo</span> <span class='ocrx_word' id='word_1_99' title='bbox 1573 894 1771 945; x_wconf 80' lang='lat' dir='ltr'>spatiolum</span> <span class='ocrx_word' id='word_1_100' title='bbox 1794 895 1853 934; x_wconf 76' lang='lat' dir='ltr'>dx</span> 
     </span>
     <span class='ocr_line' id='line_1_13' title="bbox 540 954 1854 1010; baseline 0 -12"><span class='ocrx_word' id='word_1_101' title='bbox 540 958 691 1010; x_wconf 88' lang='lat' dir='ltr'>hocque</span> <span class='ocrx_word' id='word_1_102' title='bbox 731 955 811 995; x_wconf 84' lang='lat' dir='ltr'>casu</span> <span class='ocrx_word' id='word_1_103' title='bbox 853 954 949 995; x_wconf 87' lang='lat' dir='ltr'>foret</span> <span class='ocrx_word' id='word_1_104' title='bbox 990 956 1145 1008; x_wconf 68' lang='lat' dir='ltr'>frie&#39;tio,</span> <span class='ocrx_word' id='word_1_105' title='bbox 1187 969 1300 1009; x_wconf 84' lang='lat' dir='ltr'>quam</span> <span class='ocrx_word' id='word_1_106' title='bbox 1343 968 1476 1010; x_wconf 85' lang='lat' dir='ltr'>corpus</span> <span class='ocrx_word' id='word_1_107' title='bbox 1523 955 1671 996; x_wconf 85' lang='lat' dir='ltr'>sentiret</span> <span class='ocrx_word' id='word_1_108' title='bbox 1702 970 1757 997; x_wconf 71' lang='grc' dir='ltr'>Ξ</span> <span class='ocrx_word' id='word_1_109' title='bbox 1794 958 1854 1009; x_wconf 76' lang='lat' dir='ltr'>F,</span> 
     </span>
     <span class='ocr_line' id='line_1_14' title="bbox 546 1017 1854 1075; baseline -0.001 -14"><span class='ocrx_word' id='word_1_110' title='bbox 546 1021 611 1062; x_wconf 85' lang='lat' dir='ltr'>illa</span> <span class='ocrx_word' id='word_1_111' title='bbox 647 1019 720 1072; x_wconf 75' lang='lat' dir='ltr'>ipfir</span> <span class='ocrx_word' id='word_1_112' title='bbox 753 1017 888 1059; x_wconf 87' lang='lat' dir='ltr'>scilicet</span> <span class='ocrx_word' id='word_1_113' title='bbox 909 1051 920 1070; x_wconf 81' lang='lat'>,</span> <span class='ocrx_word' id='word_1_114' title='bbox 953 1032 1065 1072; x_wconf 86' lang='lat' dir='ltr'>qnam</span> <span class='ocrx_word' id='word_1_115' title='bbox 1099 1020 1364 1071; x_wconf 86' lang='lat' dir='ltr'>experimenta</span> <span class='ocrx_word' id='word_1_116' title='bbox 1397 1019 1620 1059; x_wconf 88' lang='lat' dir='ltr'>monstrant.</span> <span class='ocrx_word' id='word_1_117' title='bbox 1657 1021 1854 1075; x_wconf 79' lang='lat' dir='ltr'>Quoniam</span> 
     </span>
     <span class='ocr_line' id='line_1_15' title="bbox 549 1081 1854 1138; baseline 0 -14"><span class='ocrx_word' id='word_1_118' title='bbox 549 1085 661 1138; x_wconf 83' lang='lat' dir='ltr'>igitur</span> <span class='ocrx_word' id='word_1_119' title='bbox 689 1081 815 1122; x_wconf 68' lang='lat' dir='ltr'>friffio</span> <span class='ocrx_word' id='word_1_120' title='bbox 849 1082 964 1121; x_wconf 88' lang='lat' dir='ltr'>oritur</span> <span class='ocrx_word' id='word_1_121' title='bbox 995 1083 1043 1122; x_wconf 87' lang='lat' dir='ltr'>ab</span> <span class='ocrx_word' id='word_1_122' title='bbox 1074 1081 1266 1135; x_wconf 82' lang='lat' dir='ltr'>asperitate</span> <span class='ocrx_word' id='word_1_123' title='bbox 1286 1114 1297 1134; x_wconf 88' lang='lat'>‚</span> <span class='ocrx_word' id='word_1_124' title='bbox 1331 1095 1442 1134; x_wconf 82' lang='lat' dir='ltr'>quam</span> <span class='ocrx_word' id='word_1_125' title='bbox 1476 1094 1612 1135; x_wconf 87' lang='lat' dir='ltr'>corpus</span> <span class='ocrx_word' id='word_1_126' title='bbox 1644 1084 1735 1124; x_wconf 88' lang='lat' dir='ltr'>dato</span> <span class='ocrx_word' id='word_1_127' title='bbox 1757 1094 1854 1124; x_wconf 88' lang='lat' dir='ltr'>tem-</span> 
     </span>
     <span class='ocr_line' id='line_1_16' title="bbox 546 1143 1859 1202; baseline -0.001 -15"><span class='ocrx_word' id='word_1_128' title='bbox 546 1145 704 1202; x_wconf 82' lang='lat' dir='ltr'>pusculo</span> <span class='ocrx_word' id='word_1_129' title='bbox 735 1145 901 1185; x_wconf 88' lang='lat' dir='ltr'>radendo</span> <span class='ocrx_word' id='word_1_130' title='bbox 932 1143 1097 1197; x_wconf 74' lang='lat' dir='ltr'>superare</span> <span class='ocrx_word' id='word_1_131' title='bbox 1129 1144 1242 1184; x_wconf 90' lang='lat' dir='ltr'>debet</span> <span class='ocrx_word' id='word_1_132' title='bbox 1262 1176 1272 1195; x_wconf 88' lang='lat'>‚</span> <span class='ocrx_word' id='word_1_133' title='bbox 1314 1143 1550 1185; x_wconf 85' lang='lat' dir='ltr'>manifestum</span> <span class='ocrx_word' id='word_1_134' title='bbox 1583 1146 1636 1186; x_wconf 88' lang='lat' dir='ltr'>est</span> <span class='ocrx_word' id='word_1_135' title='bbox 1669 1146 1859 1200; x_wconf 87' lang='lat' dir='ltr'>praesente</span> 
     </span>
    </p>
   </div>
   <div class='ocr_carea' id='block_1_7' title="bbox 548 1206 1861 1262">
    <p class='ocr_par' dir='ltr' id='par_1_8' title="bbox 548 1206 1861 1262">
     <span class='ocr_line' id='line_1_17' title="bbox 548 1206 1861 1262; baseline 0 -12"><span class='ocrx_word' id='word_1_136' title='bbox 548 1210 662 1257; x_wconf 89' lang='lat' dir='ltr'>casu,</span> <span class='ocrx_word' id='word_1_137' title='bbox 712 1220 790 1260; x_wconf 92' lang='lat' dir='ltr'>quo</span> <span class='ocrx_word' id='word_1_138' title='bbox 840 1207 1024 1261; x_wconf 72' lang='lat' dir='ltr'>punc‘tum</span> <span class='ocrx_word' id='word_1_139' title='bbox 1065 1206 1100 1249; x_wconf 93' lang='lat' dir='ltr'>C</span> <span class='ocrx_word' id='word_1_140' title='bbox 1138 1217 1285 1248; x_wconf 81' lang='lat' dir='ltr'>tantum</span> <span class='ocrx_word' id='word_1_141' title='bbox 1335 1220 1406 1260; x_wconf 88' lang='lat' dir='ltr'>per</span> <span class='ocrx_word' id='word_1_142' title='bbox 1453 1208 1649 1262; x_wconf 77' lang='lat' dir='ltr'>spatiolum</span> <span class='ocrx_word' id='word_1_143' title='bbox 1700 1207 1770 1251; x_wconf 81' lang='lat' dir='ltr'>Cc</span> <span class='ocrx_word' id='word_1_144' title='bbox 1803 1222 1861 1250; x_wconf 71' lang='grc' dir='ltr'>Ξ·</span> 
     </span>
    </p>
   </div>
   <div class='ocr_carea' id='block_1_8' title="bbox 544 1265 1865 1338">
    <p class='ocr_par' dir='ltr' id='par_1_9' title="bbox 544 1265 1865 1338">
     <span class='ocr_line' id='line_1_18' title="bbox 544 1265 1865 1338; baseline 0.003 -20"><span class='ocrx_word' id='word_1_145' title='bbox 544 1269 593 1299; x_wconf 71' lang='lat'>‘¹‘</span> <span class='ocrx_word' id='word_1_146' title='bbox 612 1265 835 1338; x_wconf 45' lang='grc' dir='ltr'>υᾞζΉ-ἀ-’ἕ</span> <span class='ocrx_word' id='word_1_147' title='bbox 878 1278 1034 1332; x_wconf 83' lang='lat' dir='ltr'>planum</span> <span class='ocrx_word' id='word_1_148' title='bbox 1073 1278 1280 1320; x_wconf 63' lang='lat' dir='ltr'>subiectum</span> <span class='ocrx_word' id='word_1_149' title='bbox 1324 1278 1411 1319; x_wconf 92' lang='lat' dir='ltr'>OV</span> <span class='ocrx_word' id='word_1_150' title='bbox 1443 1279 1568 1331; x_wconf 88' lang='lat' dir='ltr'>radit,</span> <span class='ocrx_word' id='word_1_151' title='bbox 1601 1281 1694 1321; x_wconf 90' lang='lat' dir='ltr'>dum</span> <span class='ocrx_word' id='word_1_152' title='bbox 1728 1292 1865 1335; x_wconf 88' lang='lat' dir='ltr'>corpus</span> 
     </span>
    </p>
   </div>
   <div class='ocr_carea' id='block_1_9' title="bbox 552 1342 1865 1524">
    <p class='ocr_par' dir='ltr' id='par_1_10' title="bbox 552 1342 1865 1524">
     <span class='ocr_line' id='line_1_19' title="bbox 552 1342 1863 1400; baseline -0.001 -14"><span class='ocrx_word' id='word_1_153' title='bbox 552 1343 675 1400; x_wconf 88' lang='lat' dir='ltr'>ipsum</span> <span class='ocrx_word' id='word_1_154' title='bbox 715 1356 785 1398; x_wconf 92' lang='lat' dir='ltr'>per</span> <span class='ocrx_word' id='word_1_155' title='bbox 821 1342 1024 1396; x_wconf 85' lang='lat' dir='ltr'>spatiolum</span> <span class='ocrx_word' id='word_1_156' title='bbox 1059 1343 1130 1384; x_wconf 78' lang='lat' dir='ltr'>dx</span> <span class='ocrx_word' id='word_1_157' title='bbox 1171 1342 1406 1396; x_wconf 86' lang='lat' dir='ltr'>progreditur</span> <span class='ocrx_word' id='word_1_158' title='bbox 1427 1375 1439 1395; x_wconf 83' lang='lat'>‚</span> <span class='ocrx_word' id='word_1_159' title='bbox 1486 1342 1707 1384; x_wconf 58' lang='lat' dir='ltr'>frictionem</span> <span class='ocrx_word' id='word_1_160' title='bbox 1755 1355 1863 1385; x_wconf 88' lang='lat' dir='ltr'>tanto</span> 
     </span>
     <span class='ocr_line' id='line_1_20' title="bbox 555 1404 1863 1459; baseline 0 -10"><span class='ocrx_word' id='word_1_161' title='bbox 555 1410 749 1450; x_wconf 88' lang='lat' dir='ltr'>minorem</span> <span class='ocrx_word' id='word_1_162' title='bbox 784 1404 864 1445; x_wconf 88' lang='lat' dir='ltr'>fore</span> <span class='ocrx_word' id='word_1_163' title='bbox 883 1406 1020 1446; x_wconf 83' lang='lat' dir='ltr'>debere</span> <span class='ocrx_word' id='word_1_164' title='bbox 1047 1419 1162 1459; x_wconf 86' lang='lat' dir='ltr'>quam</span> <span class='ocrx_word' id='word_1_165' title='bbox 1199 1405 1250 1456; x_wconf 87' lang='lat' dir='ltr'>F,</span> <span class='ocrx_word' id='word_1_166' title='bbox 1282 1416 1427 1458; x_wconf 88' lang='lat' dir='ltr'>quanto</span> <span class='ocrx_word' id='word_1_167' title='bbox 1465 1407 1664 1459; x_wconf 85' lang='lat' dir='ltr'>spatiolum</span> <span class='ocrx_word' id='word_1_168' title='bbox 1700 1406 1765 1448; x_wconf 79' lang='lat' dir='ltr'>Cc</span> <span class='ocrx_word' id='word_1_169' title='bbox 1793 1410 1863 1449; x_wconf 88' lang='lat' dir='ltr'>mi-</span> 
     </span>
     <span class='ocr_line' id='line_1_21' title="bbox 553 1467 1865 1524; baseline 0 -13"><span class='ocrx_word' id='word_1_170' title='bbox 553 1483 624 1511; x_wconf 90' lang='lat' dir='ltr'>nus</span> <span class='ocrx_word' id='word_1_171' title='bbox 666 1470 717 1510; x_wconf 85' lang='lat' dir='ltr'>est</span> <span class='ocrx_word' id='word_1_172' title='bbox 754 1468 913 1522; x_wconf 84' lang='lat' dir='ltr'>spatiolo</span> <span class='ocrx_word' id='word_1_173' title='bbox 954 1468 1014 1508; x_wconf 88' lang='lat' dir='ltr'>dx</span> <span class='ocrx_word' id='word_1_174' title='bbox 1047 1470 1118 1508; x_wconf 91' lang='lat' dir='ltr'>erit</span> <span class='ocrx_word' id='word_1_175' title='bbox 1150 1481 1245 1521; x_wconf 86' lang='lat' dir='ltr'>ergo</span> <span class='ocrx_word' id='word_1_176' title='bbox 1278 1467 1406 1509; x_wconf 64' lang='lat' dir='ltr'>suerio</span> <span class='ocrx_word' id='word_1_177' title='bbox 1426 1500 1436 1519; x_wconf 94' lang='lat'>,</span> <span class='ocrx_word' id='word_1_178' title='bbox 1478 1483 1552 1522; x_wconf 84' lang='lat' dir='ltr'>qna</span> <span class='ocrx_word' id='word_1_179' title='bbox 1583 1483 1716 1524; x_wconf 78' lang='lat' dir='ltr'>corpus</span> <span class='ocrx_word' id='word_1_180' title='bbox 1750 1483 1865 1512; x_wconf 88' lang='lat' dir='ltr'>retra-</span> 
     </span>
    </p>
   </div>
   <div class='ocr_carea' id='block_1_10' title="bbox 556 1529 1866 1586">
    <p class='ocr_par' dir='ltr' id='par_1_11' title="bbox 556 1529 1866 1586">
     <span class='ocr_line' id='line_1_22' title="bbox 556 1529 1866 1586; baseline 0 -13"><span class='ocrx_word' id='word_1_181' title='bbox 556 1534 661 1574; x_wconf 87' lang='lat' dir='ltr'>hitur</span> <span class='ocrx_word' id='word_1_182' title='bbox 705 1533 745 1571; x_wconf 88' lang='lat' dir='ltr'>in</span> <span class='ocrx_word' id='word_1_183' title='bbox 784 1531 995 1571; x_wconf 63' lang='lat' dir='ltr'>directione</span> <span class='ocrx_word' id='word_1_184' title='bbox 1035 1529 1128 1572; x_wconf 93' lang='lat' dir='ltr'>CO</span> <span class='ocrx_word' id='word_1_185' title='bbox 1162 1544 1242 1572; x_wconf 88' lang='lat' dir='ltr'>non</span> <span class='ocrx_word' id='word_1_186' title='bbox 1276 1532 1438 1586; x_wconf 85' lang='lat' dir='ltr'>amplius</span> <span class='ocrx_word' id='word_1_187' title='bbox 1470 1532 1501 1573; x_wconf 82' lang='lat' dir='ltr'>F</span> <span class='ocrx_word' id='word_1_188' title='bbox 1537 1532 1595 1573; x_wconf 88' lang='lat' dir='ltr'>sed</span> <span class='ocrx_word' id='word_1_189' title='bbox 1629 1544 1776 1574; x_wconf 80' lang='lat' dir='ltr'>tantum</span> <span class='ocrx_word' id='word_1_190' title='bbox 1810 1547 1866 1573; x_wconf 75' lang='lat'>:-</span> 
     </span>
    </p>
   </div>
   <div class='ocr_carea' id='block_1_11' title="bbox 562 1598 1867 1668">
    <p class='ocr_par' dir='ltr' id='par_1_12' title="bbox 562 1598 1867 1668">
     <span class='ocr_line' id='line_1_23' title="bbox 562 1598 1867 1668; baseline 0.02 -40"><span class='ocrx_word' id='word_1_191' title='bbox 562 1598 813 1668; x_wconf 52' lang='grc' dir='ltr'>(νυῖζῌζ,</span> <span class='ocrx_word' id='word_1_192' title='bbox 888 1610 955 1651; x_wconf 73' lang='lat' dir='ltr'>Ex</span> <span class='ocrx_word' id='word_1_193' title='bbox 995 1622 1073 1663; x_wconf 81' lang='lat' dir='ltr'>quo</span> <span class='ocrx_word' id='word_1_194' title='bbox 1114 1610 1354 1664; x_wconf 83' lang='lat' dir='ltr'>perspicuum</span> <span class='ocrx_word' id='word_1_195' title='bbox 1395 1611 1447 1651; x_wconf 88' lang='lat' dir='ltr'>cst</span> <span class='ocrx_word' id='word_1_196' title='bbox 1474 1643 1485 1662; x_wconf 88' lang='lat'>,</span> <span class='ocrx_word' id='word_1_197' title='bbox 1525 1613 1629 1665; x_wconf 89' lang='lat' dir='ltr'>quod</span> <span class='ocrx_word' id='word_1_198' title='bbox 1671 1614 1745 1652; x_wconf 84' lang='lat' dir='ltr'>iam</span> <span class='ocrx_word' id='word_1_199' title='bbox 1781 1627 1867 1654; x_wconf 86' lang='lat' dir='ltr'>ante</span> 
     </span>
    </p>
   </div>
   <div class='ocr_carea' id='block_1_12' title="bbox 561 1671 1872 2095">
    <p class='ocr_par' dir='ltr' id='par_1_13' title="bbox 561 1671 1872 2095">
     <span class='ocr_line' id='line_1_24' title="bbox 563 1671 1866 1727; baseline 0.002 -12"><span class='ocrx_word' id='word_1_200' title='bbox 563 1677 783 1726; x_wconf 84' lang='lat' dir='ltr'>innuimus,</span> <span class='ocrx_word' id='word_1_201' title='bbox 835 1674 862 1714; x_wconf 85' lang='lat' dir='ltr'>fi</span> <span class='ocrx_word' id='word_1_202' title='bbox 907 1682 1034 1713; x_wconf 78' lang='lat' dir='ltr'>motus</span> <span class='ocrx_word' id='word_1_203' title='bbox 1085 1675 1284 1715; x_wconf 84' lang='lat' dir='ltr'>rotatorius</span> <span class='ocrx_word' id='word_1_204' title='bbox 1323 1671 1361 1713; x_wconf 63' lang='lat' dir='ltr'><strong><em>V</em></strong></span> <span class='ocrx_word' id='word_1_205' title='bbox 1381 1687 1404 1713; x_wconf 86' lang='lat' dir='ltr'>u</span> <span class='ocrx_word' id='word_1_206' title='bbox 1445 1675 1605 1727; x_wconf 67' lang='lat' dir='ltr'>aequalis</span> <span class='ocrx_word' id='word_1_207' title='bbox 1656 1674 1697 1715; x_wconf 81' lang='lat' dir='ltr'>sit</span> <span class='ocrx_word' id='word_1_208' title='bbox 1740 1679 1866 1717; x_wconf 82' lang='lat' dir='ltr'>motui</span> 
     </span>
     <span class='ocr_line' id='line_1_25' title="bbox 562 1735 1866 1793; baseline 0.003 -16"><span class='ocrx_word' id='word_1_209' title='bbox 562 1738 793 1792; x_wconf 74' lang='lat' dir='ltr'>progressiuo</span> <span class='ocrx_word' id='word_1_210' title='bbox 824 1735 861 1773; x_wconf 79' lang='lat' dir='ltr'><strong><em>V</em></strong></span> <span class='ocrx_word' id='word_1_211' title='bbox 883 1750 910 1776; x_wconf 81' lang='lat' dir='ltr'><em>v</em></span> <span class='ocrx_word' id='word_1_212' title='bbox 931 1766 942 1785; x_wconf 89' lang='lat'>,</span> <span class='ocrx_word' id='word_1_213' title='bbox 973 1746 1058 1774; x_wconf 89' lang='lat' dir='ltr'>tum</span> <span class='ocrx_word' id='word_1_214' title='bbox 1088 1736 1300 1777; x_wconf 69' lang='lat' dir='ltr'>sristionem</span> <span class='ocrx_word' id='word_1_215' title='bbox 1332 1737 1477 1790; x_wconf 87' lang='lat' dir='ltr'>penitus</span> <span class='ocrx_word' id='word_1_216' title='bbox 1509 1736 1675 1777; x_wconf 77' lang='lat' dir='ltr'>cessare:</span> <span class='ocrx_word' id='word_1_217' title='bbox 1709 1750 1819 1793; x_wconf 87' lang='lat' dir='ltr'>atquc</span> <span class='ocrx_word' id='word_1_218' title='bbox 1842 1742 1866 1782; x_wconf 80' lang='lat' dir='ltr'>si</span> 
     </span>
     <span class='ocr_line' id='line_1_26' title="bbox 561 1795 1869 1857; baseline 0.004 -17"><span class='ocrx_word' id='word_1_219' title='bbox 561 1801 672 1841; x_wconf 83' lang='lat' dir='ltr'>suerit</span> <span class='ocrx_word' id='word_1_220' title='bbox 706 1798 779 1840; x_wconf 73' lang='lat' dir='ltr'>Vu</span> <span class='ocrx_word' id='word_1_221' title='bbox 798 1802 841 1851; x_wconf 81' lang='grc'>&gt;</span> <span class='ocrx_word' id='word_1_222' title='bbox 865 1795 902 1837; x_wconf 69' lang='lat' dir='ltr'><strong><em>V</em></strong></span> <span class='ocrx_word' id='word_1_223' title='bbox 914 1812 941 1839; x_wconf 82' lang='lat' dir='ltr'><em>v</em></span> <span class='ocrx_word' id='word_1_224' title='bbox 961 1832 971 1850; x_wconf 91' lang='lat'>,</span> <span class='ocrx_word' id='word_1_225' title='bbox 1010 1808 1093 1839; x_wconf 83' lang='lat' dir='ltr'>tum</span> <span class='ocrx_word' id='word_1_226' title='bbox 1126 1800 1251 1840; x_wconf 69' lang='lat' dir='ltr'>sriCtio</span> <span class='ocrx_word' id='word_1_227' title='bbox 1284 1801 1399 1840; x_wconf 85' lang='lat' dir='ltr'>etiam</span> <span class='ocrx_word' id='word_1_228' title='bbox 1432 1799 1500 1840; x_wconf 86' lang='lat' dir='ltr'>fiet</span> <span class='ocrx_word' id='word_1_229' title='bbox 1534 1803 1727 1854; x_wconf 81' lang='lat' dir='ltr'>negatiua,</span> <span class='ocrx_word' id='word_1_230' title='bbox 1759 1814 1869 1857; x_wconf 81' lang='lat' dir='ltr'>atque</span> 
     </span>
     <span class='ocr_line' id='line_1_27' title="bbox 563 1861 1866 1917; baseline 0.002 -13"><span class='ocrx_word' id='word_1_231' title='bbox 563 1876 702 1917; x_wconf 83' lang='lat' dir='ltr'>corpus</span> <span class='ocrx_word' id='word_1_232' title='bbox 752 1865 789 1904; x_wconf 93' lang='lat' dir='ltr'>in</span> <span class='ocrx_word' id='word_1_233' title='bbox 829 1863 1039 1903; x_wconf 59' lang='lat' dir='ltr'>directione</span> <span class='ocrx_word' id='word_1_234' title='bbox 1088 1861 1177 1902; x_wconf 92' lang='lat' dir='ltr'>CV</span> <span class='ocrx_word' id='word_1_235' title='bbox 1214 1863 1450 1903; x_wconf 79' lang='lat' dir='ltr'>sollicitabit:</span> <span class='ocrx_word' id='word_1_236' title='bbox 1494 1865 1545 1903; x_wconf 91' lang='lat' dir='ltr'>ita</span> <span class='ocrx_word' id='word_1_237' title='bbox 1588 1876 1632 1904; x_wconf 84' lang='lat' dir='ltr'>vt</span> <span class='ocrx_word' id='word_1_238' title='bbox 1673 1865 1765 1906; x_wconf 76' lang='lat' dir='ltr'>hacc</span> <span class='ocrx_word' id='word_1_239' title='bbox 1799 1881 1866 1908; x_wconf 81' lang='lat' dir='ltr'>cx-</span> 
     </span>
     <span class='ocr_line' id='line_1_28' title="bbox 566 1925 1871 1980; baseline 0.003 -14"><span class='ocrx_word' id='word_1_240' title='bbox 566 1927 705 1980; x_wconf 80' lang='lat' dir='ltr'>pressio</span> <span class='ocrx_word' id='word_1_241' title='bbox 743 1936 929 1980; x_wconf 82' lang='lat' dir='ltr'>perpetuo</span> <span class='ocrx_word' id='word_1_242' title='bbox 971 1925 1149 1966; x_wconf 71' lang='lat' dir='ltr'>effectum</span> <span class='ocrx_word' id='word_1_243' title='bbox 1188 1926 1372 1966; x_wconf 60' lang='lat' dir='ltr'>frictionis</span> <span class='ocrx_word' id='word_1_244' title='bbox 1409 1927 1621 1980; x_wconf 83' lang='lat' dir='ltr'>exhibeat,</span> <span class='ocrx_word' id='word_1_245' title='bbox 1655 1930 1871 1973; x_wconf 85' lang='lat' dir='ltr'>dnmmodo</span> 
     </span>
     <span class='ocr_line' id='line_1_29' title="bbox 565 1990 1872 2047; baseline 0.005 -17"><span class='ocrx_word' id='word_1_246' title='bbox 565 2003 703 2044; x_wconf 85' lang='lat' dir='ltr'>corpus</span> <span class='ocrx_word' id='word_1_247' title='bbox 736 2003 815 2030; x_wconf 88' lang='lat' dir='ltr'>non</span> <span class='ocrx_word' id='word_1_248' title='bbox 848 1990 1041 2044; x_wconf 79' lang='lat' dir='ltr'>quiescat,</span> <span class='ocrx_word' id='word_1_249' title='bbox 1073 1991 1216 2044; x_wconf 85' lang='lat' dir='ltr'>quippe</span> <span class='ocrx_word' id='word_1_250' title='bbox 1249 2004 1326 2044; x_wconf 87' lang='lat' dir='ltr'>quo</span> <span class='ocrx_word' id='word_1_251' title='bbox 1361 1990 1442 2031; x_wconf 85' lang='lat' dir='ltr'>casu</span> <span class='ocrx_word' id='word_1_252' title='bbox 1473 1991 1598 2032; x_wconf 63' lang='lat' dir='ltr'>sticho</span> <span class='ocrx_word' id='word_1_253' title='bbox 1637 1993 1786 2047; x_wconf 88' lang='lat' dir='ltr'>semper</span> <span class='ocrx_word' id='word_1_254' title='bbox 1818 1996 1872 2036; x_wconf 80' lang='lat' dir='ltr'>est</span> 
     </span>
     <span class='ocr_line' id='line_1_30' title="bbox 564 2054 680 2095; baseline -0.017 0"><span class='ocrx_word' id='word_1_255' title='bbox 564 2054 680 2095; x_wconf 79' lang='lat' dir='ltr'>nulla.</span> 
     </span>
    </p>
   </div>
   <div class='ocr_carea' id='block_1_13' title="bbox 983 786 1074 790">
    <p class='ocr_par' dir='ltr' id='par_1_14' title="bbox 983 786 1074 790">
     <span class='ocr_line' id='line_1_31' title="bbox 983 786 1074 790; baseline 0 0"><span class='ocrx_word' id='word_1_256' title='bbox 983 786 1074 790; x_wconf 95' lang='lat' dir='ltr'> </span> 
     </span>
    </p>
   </div>
   <div class='ocr_carea' id='block_1_14' title="bbox 654 1300 771 1305">
    <p class='ocr_par' dir='ltr' id='par_1_15' title="bbox 654 1300 771 1305">
     <span class='ocr_line' id='line_1_32' title="bbox 654 1300 771 1305; baseline 0 0"><span class='ocrx_word' id='word_1_257' title='bbox 654 1300 771 1305; x_wconf 95' lang='lat' dir='ltr'> </span> 
     </span>
    </p>
   </div>
   <div class='ocr_carea' id='block_1_15' title="bbox 552 1303 649 1310">
    <p class='ocr_par' dir='ltr' id='par_1_16' title="bbox 552 1303 649 1310">
     <span class='ocr_line' id='line_1_33' title="bbox 552 1303 649 1310; baseline 0 1425"><span class='ocrx_word' id='word_1_258' title='bbox 552 1303 649 1310; x_wconf 95' lang='lat' dir='ltr'> </span> 
     </span>
    </p>
   </div>
   <div class='ocr_carea' id='block_1_16' title="bbox 1738 2121 1874 2170">
    <p class='ocr_par' dir='ltr' id='par_1_17' title="bbox 1738 2121 1874 2170">
     <span class='ocr_line' id='line_1_34' title="bbox 1738 2121 1874 2170; baseline 0 -1"><span class='ocrx_word' id='word_1_259' title='bbox 1738 2121 1773 2169; x_wconf 76' lang='lat'>§.</span> <span class='ocrx_word' id='word_1_260' title='bbox 1800 2131 1874 2170; x_wconf 80' lang='lat'>37·</span> 
     </span>
    </p>
   </div>
  </div>
 </body>
</html>
