2044 2735
549 97 640 138 144
843 79 925 125 DE
959 73 1136 120 MOTV
1177 71 1600 120 OSCILLATORIO

544 204 621 244 aliis
654 199 795 240 viribus
829 197 1037 252 aequiualet
1061 228 1071 247 ,
1114 196 1230 236 toties
1263 196 1337 234 eius
1370 194 1556 233 contraria
1588 205 1679 232 cum
1715 191 1772 233 his
1791 193 1848 234 iis-

544 266 633 306 dem
678 263 816 302 viribus
856 261 1117 315 acqiiii.b1·i11n
1157 259 1387 299 constituet:
1442 258 1602 310 ideoque
1643 268 1694 296 ex
1728 267 1852 296 natum

544 326 753 381 aequilibrii
786 326 1011 369 deriuabitur
1049 325 1222 377 aequatio
1262 321 1538 374 longitudinem
1573 319 1730 374 penduli
1765 320 1855 361 sim·

545 392 650 445 plicis
684 389 872 430 isochroni
897 390 930 444 s
957 389 1226 428 determinans.

663 454 696 502 ξ.
722 456 789 491 26.
827 452 892 492 Ex
927 452 983 492 his
1018 453 1091 492 iam
1127 452 1246 490 statim
1279 449 1525 489 ost-illationes
1559 460 1766 501 corporum
1796 448 1856 487 in-

545 517 770 557 flexibilium
805 529 856 555 ex
888 529 960 555 axe
992 514 1076 554 fixo
1117 513 1375 567 suspensorum
1420 525 1440 550 a
1472 514 1647 564 grauitate
1680 512 1856 551 oriundae

543 580 690 620 definiri
738 589 947 633 poterunt,
995 579 1054 631 qui
1098 578 1148 618 est
1187 578 1285 616 casus
1317 575 1525 615 notiffimus
1566 588 1633 629 per
1666 575 1854 615 inuentio-

543 657 635 684 nem
685 644 804 683 centri
842 642 1078 682 ostili-ationis
1127 641 1299 693 expediri
1333 639 1477 678 solitus.
1538 638 1594 678 Sit
1625 640 1736 690 igitur
1770 651 1857 679 cor-

546 721 616 760 pus
648 704 801 747 ABCD
842 718 919 758 ope
951 707 1078 758 virgae
1111 704 1253 757 rigidae
1294 701 1410 744 OAB
1441 715 1491 741 ex
1524 715 1596 741 axe
1632 701 1717 741 fixo
1749 702 1856 742 hori-

547 771 688 810 zontali
730 770 768 811 O
811 771 859 809 ita
903 768 1114 822 suspensum
1139 801 1148 819 ,
1192 777 1236 807 vt
1269 767 1387 807 alium
1421 776 1573 806 motum
1610 775 1757 818 praeter
1790 779 1839 806 an

546 833 713 886 gul-arem
755 834 853 873 circa
895 832 994 872 huuc
1028 844 1144 871 axem
1185 832 1354 883 recipere
1398 839 1553 882 nequeat
1574 861 1584 879 ,
1621 830 1723 882 quod
1758 828 1826 868 fiet
1846 862 1856 881 ,

544 897 572 937 fi
606 898 712 950 virga
754 896 832 936 OA
872 907 951 934 non
995 895 1117 935 solum
1153 895 1227 947 ipia
1260 893 1369 933 fuerit
1400 892 1604 943 inflexilis,
1646 892 1707 931 sed
1740 893 1856 932 ctiam

545 972 682 1013 corpus
722 960 880 1000 traiiciat
921 957 1035 1011 ipsine
1069 969 1147 997 tam
1181 957 1341 997 firmiter
1374 955 1579 1008 infigatur,
1613 966 1656 994 vt
1689 956 1858 996 iunc‘tura

546 1023 687 1063 nullam
737 1022 990 1063 inflexionem
1043 1021 1243 1061 admittat:
1297 1020 1395 1059 hanc
1438 1020 1544 1059 enim
1592 1019 1855 1060 conditionem

545 1086 713 1126 absolute
764 1083 1003 1125 necessariam
1056 1082 1160 1136 esse,
1212 1093 1257 1122 vt
1288 1094 1399 1123 more
1450 1081 1629 1122 consueto
1665 1095 1732 1135 per
1765 1095 1857 1122 cen-

543 1158 647 1189 trum
689 1148 931 1188 oscillationis
973 1156 1098 1187 motus
1147 1146 1251 1186 rec'te
1291 1145 1490 1185 definiatur
1532 1157 1584 1184 ex
1626 1145 1859 1199 lequentibus

545 1212 681 1252 clarius
731 1211 908 1252 elucebit.
971 1210 1241 1263 Repraesentet
1283 1221 1376 1262 ergo
1417 1209 1570 1261 planum
1612 1208 1764 1249 chartae
1807 1210 1861 1248 se-

544 1275 719 1316 &ionem
758 1275 932 1329 corporis
975 1273 1199 1314 verticalem
1242 1285 1310 1325 per
1343 1273 1419 1312 eius
1460 1282 1632 1312 centrum
1673 1274 1859 1325 grauitatis

546 1337 587 1380 G
620 1338 759 1378 fictam
809 1348 919 1391 atque
968 1337 1014 1377 ad
1047 1349 1162 1376 axem
1215 1335 1499 1375 horizontalem
1534 1335 1572 1376 O
1609 1336 1858 1388 normalem,

545 1403 597 1443 ita
631 1411 675 1440 vt
708 1401 790 1441 axis
821 1399 1040 1440 normaliter
1073 1399 1191 1452 planu
1225 1398 1378 1438 chartae
1409 1398 1502 1438 inO
1535 1397 1674 1438 infixus
1706 1400 1860 1452 concipi

547 1464 696 1504 debeat.
764 1464 852 1504 Hoc
886 1474 979 1516 ergo
998 1463 1190 1514 corpusin
1213 1461 1303 1501 statu
1323 1461 1530 1513 aequilibrii
1565 1463 1635 1500 erit
1670 1462 1797 1513 situm,
1832 1462 1859 1502 si

547 1527 647 1568 recta
681 1524 761 1567 OG
796 1526 833 1565 in
872 1526 935 1565 ista
969 1525 1131 1565 sectione
1174 1525 1220 1564 ab
1252 1537 1325 1564 axe
1357 1525 1396 1564 O
1432 1537 1498 1576 per
1532 1534 1702 1563 centrum
1738 1525 1859 1578 graui-

546 1592 633 1631 tatis
667 1589 705 1632 G
738 1589 846 1629 dusta
880 1588 989 1628 fucrit
1022 1587 1211 1628 verticalis
1256 1598 1340 1640 puta
1373 1588 1471 1639 Og,
1516 1588 1564 1626 ita
1596 1597 1639 1626 vt
1673 1588 1709 1626 in
1742 1588 1878 1640 figura·

546 1663 722 1694 centrum
755 1653 948 1705 grauitatis
981 1650 1018 1692 G
1054 1651 1250 1690 interuallo
1285 1650 1383 1703 Gg,
1424 1664 1443 1689 a
1479 1650 1541 1689 suo
1576 1651 1781 1704 aequilibrii
1815 1651 1853 1691 si-

547 1725 585 1756 tu
618 1717 736 1756 distet.
807 1715 946 1755 Notavi
984 1715 1046 1754 hic
1084 1728 1175 1753 veru
1211 1726 1379 1766 oportet,
1414 1714 1592 1767 punc‘trnn
1614 1712 1650 1755 G
1673 1726 1749 1753 non
1780 1726 1859 1754 tam

545 1792 620 1833 pro
661 1780 834 1831 corporis
869 1777 1020 1818 ABCJ)
1042 1810 1052 1827 ‚
1094 1789 1202 1829 quam
1242 1791 1313 1829 pro
1345 1778 1459 1816 totius
1490 1773 1629 1816 maffilc
1665 1777 1859 1818 otcillantis

546 1856 598 1884 ex
648 1854 811 1894 corpore
863 1854 904 1880 ac
948 1843 1051 1894 xirga
1102 1840 1180 1882 ΟΛ
1227 1841 1462 1894 compositae
1503 1849 1634 1879 centro
1676 1842 1859 1894 graiutatis

548 1905 811 1959 accipiendum
848 1902 937 1943 esse.

662 1969 696 2016 §.
721 1981 791 2016 27.
838 1965 938 2007 Cum
985 1967 1097 2020 igitur
1138 1976 1309 2008 centrum
1351 1968 1542 2021 grauitatis
1582 1964 1619 2008 G
1664 1967 1861 2009 interuallo

548 2029 621 2085 Gg
660 2045 682 2073 a
722 2031 788 2073 suo
830 2031 1037 2086 aequilibr'u
1087 2032 1177 2073 loco
1216 2031 1261 2073 sit
1294 2042 1520 2087 remotum,
1557 2044 1598 2072 ac
1631 2032 1745 2072 totius
1778 2045 1858 2072 cor-

1758 2106 1862 2151 poris
