2044 2735
502 107 596 152 '282
727 99 806 145 DE
837 89 1182 144 ORBITARVM
1218 91 1628 142 APPARENTHS.

513 225 606 265 siens
644 232 713 273 per
754 218 874 258 restas
919 213 993 257 TS
1013 249 1024 268 ‚
1057 212 1111 257 SI
1153 216 1192 256 in
1227 213 1347 269 planis
1381 214 1525 255 orbitae
1559 224 1600 254 et
1632 212 1733 256 oculi
1765 227 1824 255 re-

459 332 462 335 ,
512 285 676 339 spenstiue
711 280 1072 336 perpendiculariter
1112 278 1179 332 ipsi
1213 278 1289 321 Nn
1323 279 1362 318 in
1396 277 1422 318 S
1453 278 1667 318 infistentes.
1736 280 1825 320 Hoc

514 360 608 401 ergo
642 345 752 396 casu,
788 357 876 385 cum
911 344 1071 397 planum
1114 343 1258 383 orbitae
1302 341 1534 394 productum
1567 354 1637 394 per
1666 342 1825 381 oculum
1874 389 1878 392 μ

516 410 675 451 transeat
728 408 851 447 orbita
893 407 1005 447 instar
1047 405 1173 446 rectae
1209 405 1407 459 apparebit
1447 404 1648 445 inclinatae
1691 405 1736 444 ad
1770 403 1826 444 SI

517 473 659 528 angulo
692 471 780 512 TSI
811 471 954 524 aequali
988 469 1224 509 inclinationi
1265 468 1368 521 plani
1401 469 1548 508 orbitae
1589 475 1634 508 ad
1669 468 1827 521 planum

518 537 635 577 oculi.
704 534 899 575 Perueniat
940 533 1073 573 oculus
1112 532 1151 572 in
1185 531 1204 572 1
1239 531 1304 571 vel
1337 531 1376 571 in
1410 530 1536 572 locum
1580 531 1667 571 huic
1701 543 1831 584 oppo-

519 601 631 643 situm
664 601 705 650 i,
740 599 791 637 ita
826 607 867 636 vt
899 597 1000 636 rec'ta
1032 594 1087 636 IS
1113 595 1173 635 vel
1205 597 1257 636 is
1291 595 1329 635 in
1364 604 1498 634 centro
1526 594 1671 634 orbitae
1702 593 1727 634 S
1744 607 1833 647 per-

521 660 769 717 pendicularis
809 660 853 700 sit
901 661 947 701 ad
988 660 1131 699 lineam
1177 658 1370 698 nodorum
1406 656 1495 698 Nn.
1563 658 1736 708 Oculus,
1770 657 1835 710 qui

525 737 628 766 nunc
663 724 868 778 quadrante
905 736 928 763 a
959 723 1068 763 nodis
1097 721 1241 761 orbitae
1283 720 1477 773 elongatus
1515 721 1601 770 est,
1641 722 1679 760 in
1716 721 1837 762 Limi-

527 790 625 832 tilms
657 787 798 828 orbitae
831 787 968 825 versari
1009 787 1164 826 dicatur.
1231 783 1320 824 Hoc
1353 783 1431 823 casu
1462 783 1617 836 planum
1651 784 1836 836 proiecti-

528 853 613 894 onis
653 849 788 891 secabit
833 849 990 903 planum
1033 848 1135 889 oculi
1183 847 1224 887 in
1266 846 1364 886 linea
1410 847 1601 887 nodorum
1644 848 1755 899 Nn3
1798 856 1838 886 et

530 914 684 968 angulus
716 910 804 952 TSI
827 944 837 962 ,
871 913 933 965 qui
963 912 1251 951 inclinationem
1286 910 1428 949 orbitae
1469 911 1515 950 ad
1549 911 1705 963 planum
1738 911 1841 950 oculi

531 978 689 1020 metitur
708 1007 720 1028 ‚
751 975 932 1015 indicabit
965 974 1197 1029 positionem
1218 973 1363 1013 orbitae
1383 973 1551 1026 respectu
1571 974 1673 1013 oculi
1692 974 1750 1022 (§.
1771 976 1840 1023 6.)

533 1040 718 1094 siquidem
760 1037 916 1091 planum
961 1050 1029 1091 pei·
1069 1035 1123 1078 IS
1145 1069 1155 1088 ,
1189 1034 1253 1076 ST
1274 1067 1285 1086 ‚
1316 1036 1490 1075 normale
1524 1037 1578 1076 est
1609 1037 1654 1075 ad
1686 1037 1843 1089 planum

533 1104 694 1144 orbitae.
759 1100 874 1140 Vnde
909 1111 962 1139 ex
996 1100 1093 1140 datis
1131 1096 1219 1138 TSI
1239 1130 1251 1148 ,
1282 1097 1329 1138 IS
1351 1129 1361 1148 ‚
1395 1097 1489 1150 TS,
1524 1100 1746 1152 apparentia
1778 1111 1848 1138 or·

534 1166 636 1208 bitae
676 1164 718 1205 vi
760 1162 1068 1217 praecedentium
1119 1159 1225 1202 facile
1275 1160 1597 1204 determinabitur.
1663 1161 1847 1215 Denique

533 1230 579 1272 sit
613 1227 743 1269 oculus
776 1228 815 1266 in
849 1226 984 1278 quouis
1016 1225 1093 1265 alio
1123 1223 1213 1265 loco
1244 1222 1282 1263 A
1316 1234 1428 1264 extra
1461 1225 1585 1265 nodos
1617 1234 1655 1265 et
1688 1226 1845 1275 limites,

538 1301 579 1334 et
609 1292 654 1334 sit
686 1290 791 1332 reeta
822 1285 894 1327 BC
915 1320 926 1340 ,
961 1301 1030 1342 per
1061 1297 1236 1330 centrum
1268 1287 1416 1328 orbitae
1449 1286 1476 1328 S
1495 1288 1641 1328 trasiens
1661 1318 1672 1337 ‚
1709 1290 1746 1328 in
1767 1288 1850 1341 pla-

540 1369 594 1397 no
641 1355 744 1395 oculi
793 1349 972 1393 normalis
1021 1352 1067 1393 ad
1097 1350 1172 1393 SA
1221 1349 1434 1391 distantiam
1488 1352 1586 1392 oculi
1628 1352 1674 1391 ab
1714 1352 1851 1391 orbita.

540 1419 701 1460 Planum
747 1413 994 1471 proiestionis
1032 1415 1072 1454 in
1105 1415 1207 1456 resta
1248 1411 1318 1453 BC
1356 1414 1491 1454 secabit
1529 1415 1686 1467 planum
1720 1415 1850 1465 oculi,

543 1493 599 1523 ex
638 1481 740 1521 cuius
780 1477 951 1530 respectu
989 1478 1110 1517 lineae
1155 1477 1347 1518 nodorum
1397 1478 1586 1531 positione
1627 1488 1667 1518 et
1704 1478 1851 1518 orbitae

544 1546 593 1586 ad
634 1542 790 1597 planum
832 1541 935 1580 oculi
973 1540 1212 1581 inclinatione
1254 1539 1404 1579 definiri
1441 1541 1551 1580 debet
1589 1542 1728 1594 positio
1766 1554 1850 1580 mu-

547 1617 612 1648 tua
639 1606 740 1659 plani
762 1603 1039 1657 proiestionis,
1081 1605 1227 1645 orbitae
1272 1611 1310 1642 et
1344 1603 1444 1643 oculi
1486 1614 1530 1643 vt
1561 1605 1702 1645 exinde
1735 1615 1854 1656 appa-

549 1671 668 1712 rentia
698 1668 844 1708 orbitae
884 1667 1091 1706 innotescat
1112 1700 1122 1719 ,
1162 1675 1275 1720 prout
1311 1665 1375 1705 suo
1408 1666 1496 1706 loco
1530 1667 1820 1720 explicabimus.

671 1741 742 1777 23.
778 1729 1037 1770 Illustrationis
1068 1731 1183 1782 gratia
1217 1728 1450 1783 proferamus
1482 1728 1543 1768 liic
1578 1729 1755 1782 exempla
1787 1729 1850 1768 ali-

553 1804 649 1850 quot
687 1806 741 1834 ex
779 1791 1056 1842 Astronomia,
1099 1804 1194 1845 quae
1235 1794 1330 1833 duos
1368 1793 1627 1844 praecedentes
1669 1793 1766 1832 casus
1797 1805 1856 1832 re-

554 1859 729 1912 spiciunt.
797 1855 983 1895 Pon-amus
1013 1855 1164 1895 oculum
1198 1857 1236 1895 in
1269 1864 1401 1894 centro
1435 1864 1553 1895 terrae
1577 1889 1586 1906 ,
1623 1856 1776 1909 planum
1811 1869 1857 1895 o-

553 1922 631 1962 culi
669 1932 763 1960 vero
805 1919 905 1958 idem
943 1930 1034 1957 cum
1067 1918 1182 1971 plano
1215 1918 1440 1970 eclipticatc.
1502 1918 1542 1958 Si
1586 1920 1660 1959 iam
1703 1920 1859 1972 eclipti-

557 1998 644 2027 cam
683 1983 768 2023 solis
804 1983 864 2021 seu
897 1980 1078 2022 circulum
1120 1982 1291 2035 corporis
1328 1981 1482 2032 solaris,
1522 1983 1559 2021 in
1595 1995 1670 2035 quo
1705 1984 1859 2035 planum

557 2047 756 2106 eclipticae
787 2045 907 2087 lolem
941 2044 1038 2088 secat
1061 2076 1073 2099 ‚
1106 2058 1179 2101 pro
1212 2045 1336 2087 orbita
1376 2046 1629 2100 accipiamus,
1664 2045 1859 2087 habebitur

1761 2108 1873 2150 casus
