<?xml version="1.0" encoding="UTF-8"?>
<!DOCTYPE html PUBLIC "-//W3C//DTD XHTML 1.0 Transitional//EN"
    "http://www.w3.org/TR/xhtml1/DTD/xhtml1-transitional.dtd">
<html xmlns="http://www.w3.org/1999/xhtml" xml:lang="en" lang="en">
 <head>
  <title>
</title>
<meta http-equiv="Content-Type" content="text/html;charset=utf-8" />
  <meta name='ocr-system' content='tesseract 3.04.00' />
  <meta name='ocr-capabilities' content='ocr_page ocr_carea ocr_par ocr_line ocrx_word'/>
</head>
<body>
  <div class='ocr_page' id='page_1' title='image "./commentariiacade13impe_0465.png"; bbox 0 0 2044 2735; ppageno 0'>
   <div class='ocr_carea' id='block_1_1' title="bbox 193 152 1547 212">
    <p class='ocr_par' dir='ltr' id='par_1_1' title="bbox 193 152 1603 212">
     <span class='ocr_line' id='line_1_1' title="bbox 193 152 1547 212; baseline -0.002 -8"><span class='ocrx_word' id='word_1_1' title='bbox 193 157 516 204; x_wconf 81' lang='lat' dir='ltr'><em>ACADEMIA</em></span> <span class='ocrx_word' id='word_1_2' title='bbox 534 152 766 203; x_wconf 76' lang='lat' dir='ltr'><em>MEDICA</em></span> <span class='ocrx_word' id='word_1_3' title='bbox 786 152 1020 204; x_wconf 84' lang='lat' dir='ltr'><em>OBSERV.</em></span> <span class='ocrx_word' id='word_1_4' title='bbox 1039 153 1353 205; x_wconf 79' lang='lat' dir='ltr'><em>HISTORICA.</em></span> <span class='ocrx_word' id='word_1_5' title='bbox 1422 164 1507 212; x_wconf 84' lang='lat'>461</span> <span class='ocrx_word' id='word_1_6' title='bbox 1527 179 1547 207; x_wconf 48' lang='grc' dir='ltr'><em>ῳ</em></span> 
     </span>
    </p>
   </div>
   <div class='ocr_carea' id='block_1_2' title="bbox 170 277 1514 2114">
    <p class='ocr_par' dir='ltr' id='par_1_2' title="bbox 185 277 1514 586">
     <span class='ocr_line' id='line_1_2' title="bbox 190 277 1514 333; baseline 0 -13"><span class='ocrx_word' id='word_1_7' title='bbox 190 277 434 320; x_wconf 70' lang='lat' dir='ltr'>studiolbrum</span> <span class='ocrx_word' id='word_1_8' title='bbox 470 279 662 320; x_wconf 79' lang='lat' dir='ltr'>rationem</span> <span class='ocrx_word' id='word_1_9' title='bbox 699 277 851 318; x_wconf 76' lang='lat' dir='ltr'>habere.</span> <span class='ocrx_word' id='word_1_10' title='bbox 918 279 1099 333; x_wconf 84' lang='lat' dir='ltr'>Veroque</span> <span class='ocrx_word' id='word_1_11' title='bbox 1134 279 1251 319; x_wconf 83' lang='lat' dir='ltr'>fimile</span> <span class='ocrx_word' id='word_1_12' title='bbox 1271 279 1422 319; x_wconf 86' lang='lat' dir='ltr'>videtur</span> <span class='ocrx_word' id='word_1_13' title='bbox 1441 278 1514 320; x_wconf 88' lang='lat' dir='ltr'>hos</span> 
     </span>
     <span class='ocr_line' id='line_1_3' title="bbox 189 342 1513 396; baseline -0.001 -12"><span class='ocrx_word' id='word_1_14' title='bbox 189 344 400 395; x_wconf 88' lang='lat' dir='ltr'>homines,</span> <span class='ocrx_word' id='word_1_15' title='bbox 435 343 460 383; x_wconf 86' lang='lat' dir='ltr'>fi</span> <span class='ocrx_word' id='word_1_16' title='bbox 491 344 617 396; x_wconf 85' lang='lat' dir='ltr'>legum</span> <span class='ocrx_word' id='word_1_17' title='bbox 651 342 772 382; x_wconf 90' lang='lat' dir='ltr'>etiarn</span> <span class='ocrx_word' id='word_1_18' title='bbox 806 343 911 395; x_wconf 85' lang='lat' dir='ltr'>gnari</span> <span class='ocrx_word' id='word_1_19' title='bbox 945 353 982 383; x_wconf 88' lang='lat' dir='ltr'>et</span> <span class='ocrx_word' id='word_1_20' title='bbox 1013 356 1200 384; x_wconf 82' lang='lat' dir='ltr'>canonum</span> <span class='ocrx_word' id='word_1_21' title='bbox 1246 343 1513 383; x_wconf 79' lang='lat' dir='ltr'>ecclesiastico-</span> 
     </span>
     <span class='ocr_line' id='line_1_4' title="bbox 189 405 1510 461; baseline 0 -14"><span class='ocrx_word' id='word_1_22' title='bbox 189 420 273 447; x_wconf 87' lang='lat' dir='ltr'>rum</span> <span class='ocrx_word' id='word_1_23' title='bbox 305 408 418 461; x_wconf 87' lang='lat' dir='ltr'>periti</span> <span class='ocrx_word' id='word_1_24' title='bbox 458 405 605 446; x_wconf 74' lang='lat' dir='ltr'>fuerunt</span> <span class='ocrx_word' id='word_1_25' title='bbox 647 407 685 446; x_wconf 87' lang='lat' dir='ltr'>in</span> <span class='ocrx_word' id='word_1_26' title='bbox 720 405 858 446; x_wconf 79' lang='lat' dir='ltr'>scholis</span> <span class='ocrx_word' id='word_1_27' title='bbox 898 408 1065 459; x_wconf 86' lang='lat' dir='ltr'>redditi,</span> <span class='ocrx_word' id='word_1_28' title='bbox 1106 408 1273 448; x_wconf 79' lang='lat' dir='ltr'>multum</span> <span class='ocrx_word' id='word_1_29' title='bbox 1308 408 1346 447; x_wconf 88' lang='lat' dir='ltr'>in</span> <span class='ocrx_word' id='word_1_30' title='bbox 1377 419 1510 459; x_wconf 82' lang='lat' dir='ltr'>regen-</span> 
     </span>
     <span class='ocr_line' id='line_1_5' title="bbox 185 470 1510 524; baseline 0 -14"><span class='ocrx_word' id='word_1_31' title='bbox 185 471 232 511; x_wconf 87' lang='lat' dir='ltr'>da</span> <span class='ocrx_word' id='word_1_32' title='bbox 265 483 301 511; x_wconf 90' lang='lat' dir='ltr'>et</span> <span class='ocrx_word' id='word_1_33' title='bbox 334 470 623 512; x_wconf 76' lang='lat' dir='ltr'>administranda</span> <span class='ocrx_word' id='word_1_34' title='bbox 655 470 848 524; x_wconf 79' lang='lat' dir='ltr'>republica</span> <span class='ocrx_word' id='word_1_35' title='bbox 883 470 1104 512; x_wconf 74' lang='lat' dir='ltr'>necessarios</span> <span class='ocrx_word' id='word_1_36' title='bbox 1135 481 1175 511; x_wconf 90' lang='lat' dir='ltr'>et</span> <span class='ocrx_word' id='word_1_37' title='bbox 1207 474 1367 512; x_wconf 88' lang='lat' dir='ltr'>omnino</span> <span class='ocrx_word' id='word_1_38' title='bbox 1396 482 1510 511; x_wconf 89' lang='lat' dir='ltr'>com-</span> 
     </span>
     <span class='ocr_line' id='line_1_6' title="bbox 191 533 1007 586; baseline -0.004 -12"><span class='ocrx_word' id='word_1_39' title='bbox 191 534 331 574; x_wconf 84' lang='lat' dir='ltr'>modos</span> <span class='ocrx_word' id='word_1_40' title='bbox 364 533 480 574; x_wconf 83' lang='lat' dir='ltr'>fuisse.</span> <span class='ocrx_word' id='word_1_41' title='bbox 1001 578 1007 586; x_wconf 35' lang='grc' dir='ltr'>ι</span> 
     </span>
    </p>

    <p class='ocr_par' dir='ltr' id='par_1_3' title="bbox 175 595 1507 1413">
     <span class='ocr_line' id='line_1_7' title="bbox 303 595 1507 654; baseline 0.001 -17"><span class='ocrx_word' id='word_1_42' title='bbox 303 598 408 654; x_wconf 80' lang='lat' dir='ltr'>Quin</span> <span class='ocrx_word' id='word_1_43' title='bbox 439 595 587 652; x_wconf 77' lang='lat' dir='ltr'>poss‘unt</span> <span class='ocrx_word' id='word_1_44' title='bbox 620 597 736 637; x_wconf 89' lang='lat' dir='ltr'>etiam</span> <span class='ocrx_word' id='word_1_45' title='bbox 756 629 767 649; x_wconf 86' lang='lat'><em>,</em></span> <span class='ocrx_word' id='word_1_46' title='bbox 810 597 836 638; x_wconf 80' lang='lat' dir='ltr'>fi</span> <span class='ocrx_word' id='word_1_47' title='bbox 870 597 1066 651; x_wconf 82' lang='lat' dir='ltr'>scriptores</span> <span class='ocrx_word' id='word_1_48' title='bbox 1102 609 1145 637; x_wconf 82' lang='lat' dir='ltr'>ac</span> <span class='ocrx_word' id='word_1_49' title='bbox 1177 597 1309 638; x_wconf 78' lang='lat' dir='ltr'>scribas</span> <span class='ocrx_word' id='word_1_50' title='bbox 1341 598 1507 652; x_wconf 80' lang='lat' dir='ltr'>seiunge·</span> 
     </span>
     <span class='ocr_line' id='line_1_8' title="bbox 185 660 1506 716; baseline 0.001 -15"><span class='ocrx_word' id='word_1_51' title='bbox 185 674 226 701; x_wconf 88' lang='lat' dir='ltr'>re</span> <span class='ocrx_word' id='word_1_52' title='bbox 258 662 414 716; x_wconf 85' lang='lat' dir='ltr'>placet,</span> <span class='ocrx_word' id='word_1_53' title='bbox 456 662 673 713; x_wconf 79' lang='lat' dir='ltr'>interpretes</span> <span class='ocrx_word' id='word_1_54' title='bbox 714 660 899 701; x_wconf 86' lang='lat' dir='ltr'>librorum</span> <span class='ocrx_word' id='word_1_55' title='bbox 942 661 1132 715; x_wconf 75' lang='lat' dir='ltr'>intelligi:</span> <span class='ocrx_word' id='word_1_56' title='bbox 1178 662 1202 701; x_wconf 90' lang='lat' dir='ltr'>ii</span> <span class='ocrx_word' id='word_1_57' title='bbox 1245 661 1410 713; x_wconf 89' lang='lat' dir='ltr'>scilicet,</span> <span class='ocrx_word' id='word_1_58' title='bbox 1443 663 1506 715; x_wconf 89' lang='lat' dir='ltr'>qui</span> 
     </span>
     <span class='ocr_line' id='line_1_9' title="bbox 183 722 1506 777; baseline 0 -13"><span class='ocrx_word' id='word_1_59' title='bbox 183 738 234 765; x_wconf 75' lang='lat' dir='ltr'>ex</span> <span class='ocrx_word' id='word_1_60' title='bbox 268 722 415 766; x_wconf 82' lang='lat' dir='ltr'>Graeca</span> <span class='ocrx_word' id='word_1_61' title='bbox 456 724 580 777; x_wconf 84' lang='lat' dir='ltr'>lingua</span> <span class='ocrx_word' id='word_1_62' title='bbox 620 723 659 763; x_wconf 89' lang='lat' dir='ltr'>in</span> <span class='ocrx_word' id='word_1_63' title='bbox 692 724 925 765; x_wconf 88' lang='lat' dir='ltr'>Aramaeam</span> <span class='ocrx_word' id='word_1_64' title='bbox 967 724 1025 766; x_wconf 63' lang='lat' dir='ltr'>teu</span> <span class='ocrx_word' id='word_1_65' title='bbox 1058 724 1257 776; x_wconf 73' lang='lat' dir='ltr'>Syriacam</span> <span class='ocrx_word' id='word_1_66' title='bbox 1281 758 1292 777; x_wconf 86' lang='lat'>‚</span> <span class='ocrx_word' id='word_1_67' title='bbox 1325 725 1506 767; x_wconf 83' lang='lat' dir='ltr'>Christia-</span> 
     </span>
     <span class='ocr_line' id='line_1_10' title="bbox 183 789 1505 841; baseline 0 -13"><span class='ocrx_word' id='word_1_68' title='bbox 183 789 240 829; x_wconf 89' lang='lat' dir='ltr'>nis</span> <span class='ocrx_word' id='word_1_69' title='bbox 273 789 451 830; x_wconf 86' lang='lat' dir='ltr'>omnibus</span> <span class='ocrx_word' id='word_1_70' title='bbox 484 800 557 841; x_wconf 85' lang='lat' dir='ltr'>per</span> <span class='ocrx_word' id='word_1_71' title='bbox 586 800 745 828; x_wconf 86' lang='lat' dir='ltr'>omnem</span> <span class='ocrx_word' id='word_1_72' title='bbox 773 789 971 829; x_wconf 79' lang='lat' dir='ltr'>Orientem</span> <span class='ocrx_word' id='word_1_73' title='bbox 1010 789 1249 829; x_wconf 71' lang='lat' dir='ltr'>vernaculam</span> <span class='ocrx_word' id='word_1_74' title='bbox 1282 801 1320 829; x_wconf 88' lang='lat' dir='ltr'>et</span> <span class='ocrx_word' id='word_1_75' title='bbox 1340 791 1376 829; x_wconf 92' lang='lat' dir='ltr'>in</span> <span class='ocrx_word' id='word_1_76' title='bbox 1398 789 1505 828; x_wconf 66' lang='lat' dir='ltr'>literis</span> 
     </span>
     <span class='ocr_line' id='line_1_11' title="bbox 186 851 1503 906; baseline -0.001 -14"><span class='ocrx_word' id='word_1_77' title='bbox 186 863 383 906; x_wconf 81' lang='lat' dir='ltr'>receptam</span> <span class='ocrx_word' id='word_1_78' title='bbox 407 885 417 903; x_wconf 84' lang='lat'>,</span> <span class='ocrx_word' id='word_1_79' title='bbox 461 851 576 891; x_wconf 88' lang='lat' dir='ltr'>libros</span> <span class='ocrx_word' id='word_1_80' title='bbox 615 851 896 892; x_wconf 72' lang='lat' dir='ltr'>transferebant.</span> <span class='ocrx_word' id='word_1_81' title='bbox 967 851 1010 892; x_wconf 88' lang='lat' dir='ltr'>Id</span> <span class='ocrx_word' id='word_1_82' title='bbox 1055 864 1149 892; x_wconf 69' lang='lat' dir='ltr'>vero</span> <span class='ocrx_word' id='word_1_83' title='bbox 1193 852 1352 893; x_wconf 67' lang='lat' dir='ltr'>studium</span> <span class='ocrx_word' id='word_1_84' title='bbox 1397 853 1503 892; x_wconf 72' lang='lat' dir='ltr'>valde</span> 
     </span>
     <span class='ocr_line' id='line_1_12' title="bbox 178 914 1502 969; baseline 0 -14"><span class='ocrx_word' id='word_1_85' title='bbox 178 915 281 956; x_wconf 85' lang='lat' dir='ltr'>fuiffe</span> <span class='ocrx_word' id='word_1_86' title='bbox 318 914 424 967; x_wconf 87' lang='lat' dir='ltr'>Syris</span> <span class='ocrx_word' id='word_1_87' title='bbox 457 915 792 968; x_wconf 78' lang='lat' dir='ltr'>commendatum,</span> <span class='ocrx_word' id='word_1_88' title='bbox 828 917 989 969; x_wconf 70' lang='lat' dir='ltr'>virisque</span> <span class='ocrx_word' id='word_1_89' title='bbox 1025 915 1343 969; x_wconf 79' lang='lat' dir='ltr'>praestantiffimis</span> <span class='ocrx_word' id='word_1_90' title='bbox 1378 916 1502 969; x_wconf 80' lang='lat' dir='ltr'>publi-</span> 
     </span>
     <span class='ocr_line' id='line_1_13' title="bbox 179 978 1502 1032; baseline -0.002 -12"><span class='ocrx_word' id='word_1_91' title='bbox 179 992 223 1020; x_wconf 90' lang='lat' dir='ltr'>ca</span> <span class='ocrx_word' id='word_1_92' title='bbox 246 1010 257 1029; x_wconf 90' lang='lat'>,</span> <span class='ocrx_word' id='word_1_93' title='bbox 301 990 344 1019; x_wconf 78' lang='lat' dir='ltr'>vt</span> <span class='ocrx_word' id='word_1_94' title='bbox 382 978 565 1032; x_wconf 82' lang='lat' dir='ltr'>colligere</span> <span class='ocrx_word' id='word_1_95' title='bbox 605 979 724 1032; x_wconf 81' lang='lat' dir='ltr'>licet,</span> <span class='ocrx_word' id='word_1_96' title='bbox 769 980 994 1020; x_wconf 68' lang='lat' dir='ltr'>auctoritate</span> <span class='ocrx_word' id='word_1_97' title='bbox 1027 979 1296 1020; x_wconf 79' lang='lat' dir='ltr'>demandatum</span> <span class='ocrx_word' id='word_1_98' title='bbox 1317 1013 1327 1031; x_wconf 84' lang='lat'>,</span> <span class='ocrx_word' id='word_1_99' title='bbox 1363 990 1502 1019; x_wconf 81' lang='lat' dir='ltr'>norunt</span> 
     </span>
     <span class='ocr_line' id='line_1_14' title="bbox 180 1042 1500 1097; baseline -0.002 -14"><span class='ocrx_word' id='word_1_100' title='bbox 180 1055 318 1083; x_wconf 87' lang='lat' dir='ltr'>omnes</span> <span class='ocrx_word' id='word_1_101' title='bbox 360 1043 397 1082; x_wconf 92' lang='lat' dir='ltr'>in</span> <span class='ocrx_word' id='word_1_102' title='bbox 441 1042 657 1096; x_wconf 74' lang='lat' dir='ltr'>indagandis</span> <span class='ocrx_word' id='word_1_103' title='bbox 699 1043 807 1083; x_wconf 86' lang='lat' dir='ltr'>rebus</span> <span class='ocrx_word' id='word_1_104' title='bbox 848 1043 924 1083; x_wconf 89' lang='lat' dir='ltr'>hoc</span> <span class='ocrx_word' id='word_1_105' title='bbox 968 1053 1147 1096; x_wconf 84' lang='lat' dir='ltr'>tempore</span> <span class='ocrx_word' id='word_1_106' title='bbox 1194 1056 1263 1097; x_wconf 81' lang='lat' dir='ltr'>per</span> <span class='ocrx_word' id='word_1_107' title='bbox 1297 1044 1500 1084; x_wconf 81' lang='lat' dir='ltr'>Orientem</span> 
     </span>
     <span class='ocr_line' id='line_1_15' title="bbox 177 1104 1499 1159; baseline -0.001 -13"><span class='ocrx_word' id='word_1_108' title='bbox 177 1107 285 1159; x_wconf 87' lang='lat' dir='ltr'>gestis</span> <span class='ocrx_word' id='word_1_109' title='bbox 317 1105 529 1159; x_wconf 79' lang='lat' dir='ltr'>diligentius</span> <span class='ocrx_word' id='word_1_110' title='bbox 562 1107 707 1146; x_wconf 79' lang='lat' dir='ltr'>versati.</span> <span class='ocrx_word' id='word_1_111' title='bbox 775 1104 888 1147; x_wconf 88' lang='lat' dir='ltr'>Certe</span> <span class='ocrx_word' id='word_1_112' title='bbox 923 1105 1011 1158; x_wconf 78' lang='lat' dir='ltr'>Syri</span> <span class='ocrx_word' id='word_1_113' title='bbox 1039 1107 1226 1147; x_wconf 79' lang='lat' dir='ltr'>Arabibus</span> <span class='ocrx_word' id='word_1_114' title='bbox 1260 1108 1298 1146; x_wconf 91' lang='lat' dir='ltr'>in</span> <span class='ocrx_word' id='word_1_115' title='bbox 1319 1107 1395 1147; x_wconf 81' lang='lat' dir='ltr'>hoc</span> <span class='ocrx_word' id='word_1_116' title='bbox 1415 1107 1499 1146; x_wconf 86' lang='lat' dir='ltr'>lon-</span> 
     </span>
     <span class='ocr_line' id='line_1_16' title="bbox 177 1169 1498 1225; baseline 0.001 -17"><span class='ocrx_word' id='word_1_117' title='bbox 177 1182 231 1222; x_wconf 87' lang='lat' dir='ltr'>go</span> <span class='ocrx_word' id='word_1_118' title='bbox 279 1170 464 1222; x_wconf 84' lang='lat' dir='ltr'>temporis</span> <span class='ocrx_word' id='word_1_119' title='bbox 506 1169 711 1210; x_wconf 78' lang='lat' dir='ltr'>interuallo</span> <span class='ocrx_word' id='word_1_120' title='bbox 751 1171 898 1224; x_wconf 86' lang='lat' dir='ltr'>priores</span> <span class='ocrx_word' id='word_1_121' title='bbox 938 1170 1020 1210; x_wconf 80' lang='lat' dir='ltr'>sunt</span> <span class='ocrx_word' id='word_1_122' title='bbox 1040 1204 1049 1219; x_wconf 88' lang='lat'>,</span> <span class='ocrx_word' id='word_1_123' title='bbox 1092 1183 1300 1225; x_wconf 84' lang='lat' dir='ltr'>eorumque</span> <span class='ocrx_word' id='word_1_124' title='bbox 1334 1170 1498 1210; x_wconf 81' lang='lat' dir='ltr'>studium</span> 
     </span>
     <span class='ocr_line' id='line_1_17' title="bbox 179 1230 1500 1285; baseline -0.001 -11"><span class='ocrx_word' id='word_1_125' title='bbox 179 1235 228 1274; x_wconf 74' lang='lat' dir='ltr'>iti</span> <span class='ocrx_word' id='word_1_126' title='bbox 261 1233 548 1285; x_wconf 84' lang='lat' dir='ltr'>excitauerunt,</span> <span class='ocrx_word' id='word_1_127' title='bbox 583 1242 629 1272; x_wconf 80' lang='lat' dir='ltr'>vt</span> <span class='ocrx_word' id='word_1_128' title='bbox 661 1246 741 1274; x_wconf 90' lang='lat' dir='ltr'>non</span> <span class='ocrx_word' id='word_1_129' title='bbox 776 1234 979 1275; x_wconf 88' lang='lat' dir='ltr'>immerito</span> <span class='ocrx_word' id='word_1_130' title='bbox 999 1234 1200 1275; x_wconf 85' lang='lat' dir='ltr'>videantur</span> <span class='ocrx_word' id='word_1_131' title='bbox 1219 1234 1360 1274; x_wconf 82' lang='lat' dir='ltr'>multae</span> <span class='ocrx_word' id='word_1_132' title='bbox 1377 1230 1500 1274; x_wconf 79' lang='lat' dir='ltr'>Grae-</span> 
     </span>
     <span class='ocr_line' id='line_1_18' title="bbox 179 1295 1498 1357; baseline 0.002 -21"><span class='ocrx_word' id='word_1_133' title='bbox 179 1309 316 1357; x_wconf 74' lang='lat' dir='ltr'>corum</span> <span class='ocrx_word' id='word_1_134' title='bbox 348 1295 531 1337; x_wconf 87' lang='lat' dir='ltr'>librorum</span> <span class='ocrx_word' id='word_1_135' title='bbox 574 1296 762 1338; x_wconf 83' lang='lat' dir='ltr'>Arabicae</span> <span class='ocrx_word' id='word_1_136' title='bbox 805 1299 1136 1352; x_wconf 80' lang='lat' dir='ltr'>interpretationes</span> <span class='ocrx_word' id='word_1_137' title='bbox 1178 1299 1305 1353; x_wconf 83' lang='lat' dir='ltr'>potius</span> <span class='ocrx_word' id='word_1_138' title='bbox 1337 1309 1390 1338; x_wconf 89' lang='lat' dir='ltr'>ex</span> <span class='ocrx_word' id='word_1_139' title='bbox 1425 1295 1498 1349; x_wconf 85' lang='lat' dir='ltr'>Sy-</span> 
     </span>
     <span class='ocr_line' id='line_1_19' title="bbox 175 1347 997 1413; baseline -0.001 -11"><span class='ocrx_word' id='word_1_140' title='bbox 175 1360 279 1402; x_wconf 82' lang='lat' dir='ltr'>riacis</span> <span class='ocrx_word' id='word_1_141' title='bbox 309 1372 423 1413; x_wconf 88' lang='lat' dir='ltr'>quam</span> <span class='ocrx_word' id='word_1_142' title='bbox 456 1347 611 1402; x_wconf 65' lang='lat' dir='ltr'>G‘raecis</span> <span class='ocrx_word' id='word_1_143' title='bbox 641 1361 837 1402; x_wconf 85' lang='lat' dir='ltr'>codicibus</span> <span class='ocrx_word' id='word_1_144' title='bbox 867 1362 997 1402; x_wconf 65' lang='lat' dir='ltr'>fache</span> 
     </span>
    </p>

    <p class='ocr_par' dir='ltr' id='par_1_4' title="bbox 170 1421 1497 2114">
     <span class='ocr_line' id='line_1_20' title="bbox 293 1421 1490 1478; baseline 0.002 -14"><span class='ocrx_word' id='word_1_145' title='bbox 293 1421 471 1477; x_wconf 86' lang='lat' dir='ltr'>Superest</span> <span class='ocrx_word' id='word_1_146' title='bbox 515 1431 561 1463; x_wconf 82' lang='lat' dir='ltr'>vt</span> <span class='ocrx_word' id='word_1_147' title='bbox 590 1424 719 1477; x_wconf 83' lang='lat' dir='ltr'>paucis</span> <span class='ocrx_word' id='word_1_148' title='bbox 757 1425 995 1478; x_wconf 84' lang='lat' dir='ltr'>dispiciamus</span> <span class='ocrx_word' id='word_1_149' title='bbox 1034 1425 1082 1465; x_wconf 83' lang='lat' dir='ltr'>de</span> <span class='ocrx_word' id='word_1_150' title='bbox 1122 1424 1271 1466; x_wconf 80' lang='lat' dir='ltr'>scholae</span> <span class='ocrx_word' id='word_1_151' title='bbox 1314 1424 1490 1468; x_wconf 24' lang='lat' dir='ltr'>Gandisa*</span> 
     </span>
     <span class='ocr_line' id='line_1_21' title="bbox 176 1486 1497 1542; baseline 0.002 -16"><span class='ocrx_word' id='word_1_152' title='bbox 176 1487 346 1540; x_wconf 80' lang='lat' dir='ltr'>porenfis</span> <span class='ocrx_word' id='word_1_153' title='bbox 394 1486 677 1527; x_wconf 77' lang='lat' dir='ltr'>conditionibus</span> <span class='ocrx_word' id='word_1_154' title='bbox 727 1490 918 1530; x_wconf 89' lang='lat' dir='ltr'>omnibus.</span> <span class='ocrx_word' id='word_1_155' title='bbox 988 1489 1084 1529; x_wconf 88' lang='lat' dir='ltr'>Eam</span> <span class='ocrx_word' id='word_1_156' title='bbox 1136 1488 1200 1529; x_wconf 87' lang='lat' dir='ltr'>sub</span> <span class='ocrx_word' id='word_1_157' title='bbox 1242 1489 1497 1542; x_wconf 68' lang='lat' dir='ltr'>Metropolim</span> 
     </span>
     <span class='ocr_line' id='line_1_22' title="bbox 174 1550 1494 1605; baseline 0.001 -15"><span class='ocrx_word' id='word_1_158' title='bbox 174 1550 277 1591; x_wconf 73' lang='lat' dir='ltr'>fuiss&#39;e</span> <span class='ocrx_word' id='word_1_159' title='bbox 297 1583 307 1602; x_wconf 86' lang='lat'>,</span> <span class='ocrx_word' id='word_1_160' title='bbox 339 1551 446 1604; x_wconf 88' lang='lat' dir='ltr'>supra</span> <span class='ocrx_word' id='word_1_161' title='bbox 480 1551 556 1591; x_wconf 89' lang='lat' dir='ltr'>iam</span> <span class='ocrx_word' id='word_1_162' title='bbox 588 1550 762 1592; x_wconf 58' lang='lat' dir='ltr'>indicaui.</span> <span class='ocrx_word' id='word_1_163' title='bbox 829 1552 1003 1593; x_wconf 86' lang='lat' dir='ltr'>Eundem</span> <span class='ocrx_word' id='word_1_164' title='bbox 1037 1552 1299 1593; x_wconf 69' lang='lat' dir='ltr'>exactionibus</span> <span class='ocrx_word' id='word_1_165' title='bbox 1332 1554 1494 1605; x_wconf 80' lang='lat' dir='ltr'>aliqnan-</span> 
     </span>
     <span class='ocr_line' id='line_1_23' title="bbox 176 1613 1489 1669; baseline -0.001 -14"><span class='ocrx_word' id='word_1_166' title='bbox 176 1615 228 1655; x_wconf 90' lang='lat' dir='ltr'>do</span> <span class='ocrx_word' id='word_1_167' title='bbox 262 1613 418 1655; x_wconf 78' lang='lat' dir='ltr'>vexasse</span> <span class='ocrx_word' id='word_1_168' title='bbox 450 1614 625 1654; x_wconf 78' lang='lat' dir='ltr'>alumnos</span> <span class='ocrx_word' id='word_1_169' title='bbox 657 1614 834 1669; x_wconf 76' lang='lat' dir='ltr'>scholae,</span> <span class='ocrx_word' id='word_1_170' title='bbox 869 1617 932 1669; x_wconf 88' lang='lat' dir='ltr'>qui</span> <span class='ocrx_word' id='word_1_171' title='bbox 968 1625 1171 1669; x_wconf 79' lang='lat' dir='ltr'>propterea</span> <span class='ocrx_word' id='word_1_172' title='bbox 1209 1617 1248 1655; x_wconf 89' lang='lat' dir='ltr'>in</span> <span class='ocrx_word' id='word_1_173' title='bbox 1282 1617 1336 1656; x_wconf 82' lang='lat' dir='ltr'>ius</span> <span class='ocrx_word' id='word_1_174' title='bbox 1371 1616 1489 1668; x_wconf 66' lang='lat' dir='ltr'>ipsium</span> 
     </span>
     <span class='ocr_line' id='line_1_24' title="bbox 174 1675 1494 1732; baseline 0.002 -15"><span class='ocrx_word' id='word_1_175' title='bbox 174 1678 274 1731; x_wconf 83' lang='lat' dir='ltr'>apud</span> <span class='ocrx_word' id='word_1_176' title='bbox 305 1675 552 1718; x_wconf 85' lang='lat' dir='ltr'>Catholicum</span> <span class='ocrx_word' id='word_1_177' title='bbox 594 1689 856 1731; x_wconf 83' lang='lat' dir='ltr'>vocauernnt,</span> <span class='ocrx_word' id='word_1_178' title='bbox 900 1679 1032 1719; x_wconf 88' lang='lat' dir='ltr'>itidem</span> <span class='ocrx_word' id='word_1_179' title='bbox 1076 1679 1153 1719; x_wconf 85' lang='lat' dir='ltr'>iam</span> <span class='ocrx_word' id='word_1_180' title='bbox 1189 1680 1310 1732; x_wconf 82' lang='lat' dir='ltr'>attigi.</span> <span class='ocrx_word' id='word_1_181' title='bbox 1378 1678 1494 1719; x_wconf 83' lang='lat' dir='ltr'>Cete-</span> 
     </span>
     <span class='ocr_line' id='line_1_25' title="bbox 174 1739 1492 1796; baseline 0.002 -16"><span class='ocrx_word' id='word_1_182' title='bbox 174 1755 257 1782; x_wconf 86' lang='lat' dir='ltr'>rnm</span> <span class='ocrx_word' id='word_1_183' title='bbox 293 1742 331 1781; x_wconf 90' lang='lat' dir='ltr'>in</span> <span class='ocrx_word' id='word_1_184' title='bbox 367 1741 540 1795; x_wconf 86' lang='lat' dir='ltr'>eligendo</span> <span class='ocrx_word' id='word_1_185' title='bbox 583 1739 838 1796; x_wconf 75' lang='lat' dir='ltr'>Metropolim</span> <span class='ocrx_word' id='word_1_186' title='bbox 879 1753 990 1796; x_wconf 87' lang='lat' dir='ltr'>atque</span> <span class='ocrx_word' id='word_1_187' title='bbox 1023 1742 1105 1796; x_wconf 89' lang='lat' dir='ltr'>ipso</span> <span class='ocrx_word' id='word_1_188' title='bbox 1139 1745 1254 1783; x_wconf 83' lang='lat' dir='ltr'>etiam</span> <span class='ocrx_word' id='word_1_189' title='bbox 1289 1741 1492 1783; x_wconf 75' lang='lat' dir='ltr'>Catholico</span> 
     </span>
     <span class='ocr_line' id='line_1_26' title="bbox 175 1804 1491 1859; baseline -0.002 -12"><span class='ocrx_word' id='word_1_190' title='bbox 175 1805 522 1856; x_wconf 84' lang='lat' dir='ltr'>Nestorianorum,</span> <span class='ocrx_word' id='word_1_191' title='bbox 563 1804 730 1859; x_wconf 84' lang='lat' dir='ltr'>suffragia</span> <span class='ocrx_word' id='word_1_192' title='bbox 772 1807 1012 1847; x_wconf 87' lang='lat' dir='ltr'>medicorum</span> <span class='ocrx_word' id='word_1_193' title='bbox 1056 1817 1093 1845; x_wconf 87' lang='lat' dir='ltr'>et</span> <span class='ocrx_word' id='word_1_194' title='bbox 1143 1807 1342 1846; x_wconf 79' lang='lat' dir='ltr'>scribarum</span> <span class='ocrx_word' id='word_1_195' title='bbox 1396 1807 1491 1846; x_wconf 81' lang='lat' dir='ltr'>illius</span> 
     </span>
     <span class='ocr_line' id='line_1_27' title="bbox 170 1868 1490 1922; baseline 0 -14"><span class='ocrx_word' id='word_1_196' title='bbox 170 1868 321 1909; x_wconf 82' lang='lat' dir='ltr'>scholae</span> <span class='ocrx_word' id='word_1_197' title='bbox 354 1869 560 1922; x_wconf 83' lang='lat' dir='ltr'>plurimum</span> <span class='ocrx_word' id='word_1_198' title='bbox 595 1868 749 1909; x_wconf 75' lang='lat' dir='ltr'>valuisse</span> <span class='ocrx_word' id='word_1_199' title='bbox 781 1883 870 1911; x_wconf 87' lang='lat' dir='ltr'>cum</span> <span class='ocrx_word' id='word_1_200' title='bbox 903 1882 955 1909; x_wconf 81' lang='lat' dir='ltr'>ex</span> <span class='ocrx_word' id='word_1_201' title='bbox 989 1869 1069 1909; x_wconf 86' lang='lat' dir='ltr'>aliis</span> <span class='ocrx_word' id='word_1_202' title='bbox 1106 1870 1325 1910; x_wconf 83' lang='lat' dir='ltr'>testimoniis</span> <span class='ocrx_word' id='word_1_203' title='bbox 1354 1871 1400 1909; x_wconf 88' lang='lat' dir='ltr'>ab</span> <span class='ocrx_word' id='word_1_204' title='bbox 1422 1869 1490 1910; x_wconf 88' lang='lat' dir='ltr'>As-</span> 
     </span>
     <span class='ocr_line' id='line_1_28' title="bbox 174 1931 1489 1986; baseline -0.001 -14"><span class='ocrx_word' id='word_1_205' title='bbox 174 1931 328 1972; x_wconf 68' lang='lat' dir='ltr'>lemano</span> <span class='ocrx_word' id='word_1_206' title='bbox 367 1931 500 1985; x_wconf 86' lang='lat' dir='ltr'>paffim</span> <span class='ocrx_word' id='word_1_207' title='bbox 545 1931 659 1973; x_wconf 78' lang='lat' dir='ltr'>allatis</span> <span class='ocrx_word' id='word_1_208' title='bbox 700 1935 872 1986; x_wconf 80' lang='lat' dir='ltr'>constat,</span> <span class='ocrx_word' id='word_1_209' title='bbox 922 1942 1006 1974; x_wconf 83' lang='lat' dir='ltr'>tum</span> <span class='ocrx_word' id='word_1_210' title='bbox 1047 1932 1244 1973; x_wconf 80' lang='lat' dir='ltr'>clariffime</span> <span class='ocrx_word' id='word_1_211' title='bbox 1291 1946 1343 1972; x_wconf 90' lang='lat' dir='ltr'>ex</span> <span class='ocrx_word' id='word_1_212' title='bbox 1394 1933 1489 1983; x_wconf 79' lang='lat' dir='ltr'>illo,</span> 
     </span>
     <span class='ocr_line' id='line_1_29' title="bbox 175 1995 1487 2051; baseline 0 -16"><span class='ocrx_word' id='word_1_213' title='bbox 175 1997 277 2048; x_wconf 76' lang='lat' dir='ltr'>quod</span> <span class='ocrx_word' id='word_1_214' title='bbox 310 1995 411 2035; x_wconf 80' lang='lat' dir='ltr'>Tam.</span> <span class='ocrx_word' id='word_1_215' title='bbox 446 1995 515 2037; x_wconf 85' lang='lat' dir='ltr'>III</span> <span class='ocrx_word' id='word_1_216' title='bbox 556 2004 647 2051; x_wconf 72' lang='lat' dir='ltr'>pag.</span> <span class='ocrx_word' id='word_1_217' title='bbox 687 2000 788 2037; x_wconf 84' lang='lat'><em>160.</em></span> <span class='ocrx_word' id='word_1_218' title='bbox 824 2010 876 2037; x_wconf 87' lang='lat' dir='ltr'>ex</span> <span class='ocrx_word' id='word_1_219' title='bbox 914 1996 1041 2036; x_wconf 79' lang='lat' dir='ltr'>Amro</span> <span class='ocrx_word' id='word_1_220' title='bbox 1075 1996 1278 2036; x_wconf 78' lang='lat' dir='ltr'>adduc&#39;tum</span> <span class='ocrx_word' id='word_1_221' title='bbox 1314 1997 1487 2049; x_wconf 75' lang='lat' dir='ltr'>legimus:</span> 
     </span>
     <span class='ocr_line' id='line_1_30' title="bbox 176 2058 955 2114; baseline 0.001 -16"><span class='ocrx_word' id='word_1_222' title='bbox 176 2059 269 2098; x_wconf 77' lang='lat' dir='ltr'>adde</span> <span class='ocrx_word' id='word_1_223' title='bbox 305 2058 406 2099; x_wconf 87' lang='lat' dir='ltr'>Tom.</span> <span class='ocrx_word' id='word_1_224' title='bbox 443 2059 511 2100; x_wconf 90' lang='lat' dir='ltr'>IV.</span> <span class='ocrx_word' id='word_1_225' title='bbox 543 2068 627 2114; x_wconf 63' lang='lat' dir='ltr'>sag.</span> <span class='ocrx_word' id='word_1_226' title='bbox 664 2059 955 2102; x_wconf 83' lang='lat' dir='ltr'><em>CMXXXVI.</em></span> 
     </span>
    </p>
   </div>
   <div class='ocr_carea' id='block_1_3' title="bbox 239 2184 1464 2231">
    <p class='ocr_par' dir='ltr' id='par_1_5' title="bbox 239 2184 1464 2231">
     <span class='ocr_line' id='line_1_31' title="bbox 239 2184 1464 2231; baseline 0.004 -5"><span class='ocrx_word' id='word_1_227' title='bbox 239 2184 343 2226; x_wconf 84' lang='lat' dir='ltr'>Tom.</span> <span class='ocrx_word' id='word_1_228' title='bbox 381 2184 505 2227; x_wconf 85' lang='lat' dir='ltr'><em>XIII.</em></span> <span class='ocrx_word' id='word_1_229' title='bbox 785 2189 831 2230; x_wconf 88' lang='grc' dir='ltr'>Μ</span> <span class='ocrx_word' id='word_1_230' title='bbox 852 2202 893 2230; x_wconf 91' lang='lat' dir='ltr'>m</span> <span class='ocrx_word' id='word_1_231' title='bbox 914 2202 954 2229; x_wconf 89' lang='lat' dir='ltr'>m</span> <span class='ocrx_word' id='word_1_232' title='bbox 1410 2190 1464 2231; x_wconf 86' lang='lat' dir='ltr'>Cc</span> 
     </span>
    </p>
   </div>
  </div>
 </body>
</html>
