2044 2735
570 126 659 166 194
857 111 942 155 DE
974 110 1146 157 SONIS
1179 109 1568 157 MVLTIFARHS

563 243 642 271 non
677 230 843 284 poffint:
879 228 1005 272 Sonus
1037 240 1163 272 autem
1197 232 1374 271 maxime
1405 232 1557 284 grauis,
1598 232 1660 286 qui
1703 244 1723 273 a
1764 235 1874 288 virga

561 293 732 347 percussa
765 295 825 335 edi
859 295 1014 349 potest,
1048 294 1404 349 respondetfigurae
1424 297 1570 349 primae
1588 297 1704 337 sumta
1735 295 1875 338 Bevel

560 356 604 398 D
616 360 719 414 f:
740 371 825 398 220
870 361 1066 413 partium:
1107 359 1299 400 obseruaui
1342 370 1461 411 porro
1495 361 1642 413 virgam
1678 361 1841 400 vitream
1863 394 1874 413 ,

559 423 664 463 cuius
704 424 886 464 diameter
926 433 1005 464 erat
1048 434 1070 470 3
1119 423 1185 463 lin.
1238 422 1437 475 longitudo
1493 429 1531 465 8.
1585 424 1681 477 poll.
1735 426 1872 465 souum

559 486 717 527 edidiffe
739 486 785 542 f,
819 487 885 542 qui
916 488 1012 527 intra
1030 488 1218 527 minutum
1251 486 1451 526 secundum
1484 486 1569 527 ficit
1602 488 1749 527 circiter
1781 490 1874 528 600

562 549 828 603 vibratione53
865 551 965 605 quod
999 549 1026 590 s1
1060 551 1172 603 igitur
1202 550 1406 590 statuamus
1445 550 1581 590 sonum
1620 550 1872 592 acutissimum

560 613 626 666 qui
667 614 842 667 distingui
883 613 1026 668 poffit,
1068 614 1147 653 soni
1173 614 1211 670 f
1233 611 1310 653 effe
1342 613 1517 654 octauam
1555 614 1778 667 triplicem,
1813 617 1872 656 seu

558 676 716 718 efficere
749 677 1002 718 oscillationes
1036 681 1155 728 4800
1192 679 1289 718 intra
1322 678 1512 718 minutum
1546 677 1746 719 secundum
1768 711 1778 730 ,
1821 679 1874 719 se-

559 741 689 794 quitur
722 742 911 795 virgulam
946 742 1108 782 vitream
1147 755 1170 791 3
1210 741 1325 782 lineas
1360 742 1399 781 in
1433 742 1623 782 diametro
1665 742 1870 783 habentem

558 803 694 845 sonum
735 805 954 846 distinctum
995 805 1104 845 nullo
1145 806 1268 845 modo
1310 805 1450 856 edere,
1490 817 1580 845 cum
1625 805 1678 845 est
1720 806 1874 847 breuior

558 868 705 908 duobus
737 869 938 923 pollicibus
970 881 1061 909 cum
1092 869 1228 909 decem
1261 868 1380 909 lineis.
1453 866 1496 908 Si
1536 868 1673 908 deinde
1711 868 1871 910 assuma-

557 940 620 971 tur
667 932 775 973 sonus
821 931 1052 986 grauissimus
1100 932 1312 986 perceptilis
1354 930 1431 972 effe
1478 932 1542 972 sub
1581 932 1759 973 oet-auam
1806 934 1868 973 tri-

556 995 699 1048 plicem
732 995 813 1036 soni
836 997 894 1053 s,
926 997 1133 1037 dicendum
1167 997 1238 1035 erit
1273 997 1421 1048 virgam
1456 998 1620 1036 vitream
1658 1005 1732 1036 tres
1773 997 1871 1036 line-

554 1071 595 1099 as
625 1058 815 1112 crassam,
858 1073 912 1099 22
948 1060 1043 1113 poll.
1088 1060 1307 1111 longiorem
1355 1060 1423 1100 etsi
1476 1061 1513 1100 in
1553 1059 1699 1112 puncto
1740 1060 1870 1100 debito

554 1135 577 1163 e
611 1123 676 1163 vel
698 1123 736 1180 s
757 1122 897 1176 figurae
937 1124 1083 1177 primae
1115 1122 1388 1176 apprehensum
1421 1124 1555 1163 sonum
1589 1123 1751 1176 amplius
1791 1135 1870 1163 non

560 1185 700 1226 edere:
744 1187 847 1242 Quia
887 1198 986 1227 vero
1027 1185 1167 1240 positio
1209 1186 1341 1239 puncti
1376 1198 1407 1238 g
1450 1186 1591 1239 figurae
1624 1186 1757 1226 tertiae
1791 1199 1871 1227 non

555 1248 685 1289 differt
723 1249 940 1290 notabiliter
981 1262 1002 1290 a
1046 1249 1238 1302 positione
1279 1249 1412 1302 princti
1452 1263 1473 1290 e
1516 1249 1658 1302 figurae
1693 1250 1841 1302 primae
1861 1283 1872 1302 ,

552 1313 644 1353 ideo
676 1323 764 1354 tunc
799 1315 926 1366 potius
958 1313 1107 1354 auditur
1139 1314 1250 1352 sonus
1282 1312 1425 1366 figurae
1465 1314 1597 1354 tertiae
1629 1313 1872 1366 respondens,

556 1377 621 1430 qui
670 1377 706 1417 fi:
757 1377 871 1417 habet
920 1377 967 1418 ad
1015 1377 1149 1417 sonum
1191 1375 1331 1428 figurae
1373 1378 1520 1431 primae
1561 1386 1605 1416 vt
1643 1380 1785 1427 86305
1825 1378 1874 1419 ad

553 1443 672 1490 6345
713 1441 775 1480 seu
818 1441 999 1493 proxime
1030 1449 1074 1479 vt
1110 1443 1181 1486 13}
1216 1439 1262 1479 ad
1312 1453 1351 1479 t.

671 1503 744 1544 IV.
780 1503 827 1543 In
861 1504 979 1556 virgis
1009 1503 1242 1556 longioribus
1280 1503 1387 1556 fiiepe
1426 1502 1471 1542 fit
1505 1512 1548 1543 vt
1587 1503 1662 1543 duo
1704 1504 1783 1545 soni
1824 1504 1868 1546 si—

553 1567 637 1608 mul
679 1567 849 1607 distinete
887 1567 1170 1620 percipiantur:
1217 1567 1396 1620 quamuis
1431 1579 1525 1606 vnns
1564 1568 1684 1606 altero
1723 1569 1870 1621 paullu-

555 1631 636 1671 lum
671 1630 883 1672 distinctior
915 1641 954 1670 et
984 1631 1149 1681 clarior3
1186 1629 1229 1670 Id
1266 1642 1362 1669 vero
1397 1630 1519 1670 oritur
1552 1642 1572 1668 a
1617 1632 1869 1682 proximitate

555 1696 750 1735 nodorum
793 1696 838 1735 ad
881 1694 1037 1734 diuerfirs
1078 1693 1213 1746 figuras
1255 1693 1461 1733 relatorum
1506 1705 1602 1745 quae
1643 1695 1873 1745 proximitas

557 1760 750 1798 nodorum
771 1791 781 1809 ,
814 1770 979 1812 quorum
1014 1769 1193 1797 numerus
1232 1756 1415 1797 ferrarium
1460 1758 1687 1796 transcendit
1710 1788 1721 1807 ,
1763 1755 1870 1798 facile

560 1823 767 1874 contingit.

671 1885 721 1924 V.
760 1883 967 1924 Pmcfitum
987 1883 1284 1937 phaenomenon
1303 1882 1451 1936 semper
1470 1883 1659 1935 contingit
1678 1896 1767 1924 cum
1790 1884 1871 1924 vir·

551 1962 599 2003 ga
633 1949 777 2002 pnnsto
811 1949 942 1988 medio
977 1947 1009 1987 C
1045 1948 1371 2000 apprehenditur,
1413 1948 1498 2000 quia
1541 1947 1726 1999 pund'tum
1772 1948 1867 1989 istud

553 2014 727 2054 medium
760 2025 970 2052 commune
1005 2012 1055 2051 est
1093 2011 1234 2063 figurae
1276 2021 1458 2064 quartae,
1502 2012 1655 2063 quintae
1697 2021 1736 2050 et
1780 2013 1868 2051 reli-

551 2079 633 2131 quis
676 2077 854 2118 omnibus
896 2076 942 2116 ad
983 2075 1138 2116 claffem
1180 2076 1377 2115 secundam
1421 2075 1690 2129 pertinentibus
1715 2107 1727 2128 ,
1769 2075 1868 2116 adeo

1829 2142 1873 2179 vt
