2044 2735
194 141 487 188 METALLIS
519 141 595 186 ET
629 135 1006 189 SEMIMETAL.
1029 138 1183 186 FACT
1183 138 1372 190 ORVM.
1427 155 1508 199 391

192 263 415 303 drostaticae
467 262 598 302 locum
653 261 871 303 inferiorem
894 292 905 312 ,
953 256 1124 303 Zincum
1176 262 1408 317 superiorem
1449 262 1516 305 fibi

193 327 438 378 vindicabat,
481 328 532 367 ita
572 335 617 366 vt
659 324 768 366 facile
814 338 835 366 a
876 323 910 366 se
944 326 1116 367 inuicem
1146 326 1322 381 distingui
1355 328 1519 382 possent,

193 392 310 431 oculo
332 422 342 440 ‚
377 390 500 431 cultro
521 422 532 442 ,
564 389 726 430 malleo.

257 465 586 519 Experimentum
629 464 741 504 omni
785 476 875 504 cura
918 464 1139 506 reiteratum
1190 497 1201 516 ,
1236 465 1315 519 iugi
1346 463 1516 507 adhibita

192 529 490 569 circum-anione
509 560 520 580 ,
573 527 709 567 eadem
761 526 963 580 praebebat
1012 527 1313 582 phaenomena,
1366 540 1514 582 praeter

191 593 295 646 quod
329 592 487 632 densitas
528 590 642 644 paulo
674 590 799 630 maior
841 603 988 644 nempe
1023 597 1073 642 ’ἑξ
1093 604 1149 631 Ξ
1169 606 1223 645 9,
1244 598 1267 634 8
1286 604 1304 631 1
1329 624 1341 644 ,
1374 600 1413 631 et
1445 605 1514 633 co-

191 656 252 696 lor
293 655 445 697 Plumbi
488 654 644 695 dilutior
686 653 965 696 observabatur.
1031 656 1172 697 Prioris
1210 657 1354 697 etenim
1394 656 1515 699 mixti

193 719 351 761 densitas
382 727 465 760 erat
499 723 548 769 ’ἑξ
567 731 622 757 Ξ
644 730 696 769 9,
716 729 792 758 02..

221 795 226 800 '
257 793 429 834 Ponatur
463 791 703 845 dispendium
742 790 792 832 ab
831 791 1061 846 ingredienti
1109 794 1241 836 rariori
1281 794 1513 850 prouenire‚

192 906 351 948 densitas
382 903 478 947 effer

255 1013 443 1054 Videmus
475 1013 594 1067 itaque
624 1012 833 1054 difficulter
861 1014 1039 1068 equidem
1071 1027 1142 1056 nec
1176 1015 1215 1057 in
1236 1027 1375 1070 magna
1397 1029 1512 1071 quan·

192 1076 297 1116 titate
328 1077 387 1117 sed
408 1077 546 1117 intime
577 1072 745 1118 Zincum
788 1077 823 1117 se
858 1077 1023 1120 Plumbo
1049 1081 1301 1123 commiscere
1332 1090 1371 1122 et
1403 1082 1511 1123 mix-

190 1148 274 1181 tum
308 1141 452 1182 densius
492 1137 571 1181 effe
603 1139 757 1182 finum.
792 1141 826 1190 §.
849 1157 893 1194 4.

506 1241 993 1324 Experimentum
1046 1245 1195 1306 XIII.

306 1360 472 1403 Confiidi
525 1362 680 1405 Plumbi
724 1366 841 1418 grana
886 1377 992 1418 352:-
1032 1380 1123 1410 cum
1168 1367 1334 1410 totidem
1383 1367 1507 1424 granis
1551 1386 1577 1427 ‘li
1601 1394 1630 1420 et
1651 1387 1678 1421 ῃ

192 1424 398 1469 Bismuthi.
433 1425 582 1468 laetum
615 1437 696 1469 erat
730 1436 804 1480 48.
840 1444 897 1485 gr.

254 1492 434 1533 Mixtum
484 1490 609 1532 cultro
647 1493 815 1534 abrasum
856 1505 934 1538 erat
972 1497 1111 1539 coloris
1142 1496 1216 1537 albi
1248 1497 1472 1552 splendentis
1497 1529 1509 1549 ,

191 1554 352 1596 suffitum
386 1554 611 1596 obscurioris
644 1557 893 1610 nigricantis,
930 1570 1106 1602 texturae
1124 1559 1330 1602 Bismuthi.
1396 1559 1509 1602 Dum

191 1618 430 1672 frangebatur
461 1627 580 1660 tenax
613 1619 700 1660 imo
732 1623 1024 1675 quodammodo
1061 1625 1204 1666 ductile
1237 1634 1333 1667 erat.

255 1694 342 1734 Pars
381 1691 502 1733 mixti
543 1695 602 1741 65
616 1701 727 1749 τξςτ.
771 1698 972 1739 amittebat
1012 1701 1051 1741 in
1085 1713 1178 1755 aqua
1218 1703 1297 1752 602
1314 1714 1371 1755 gr.
1413 1701 1507 1746 hinc

594 1763 606 1779 ³

192 1796 348 1838 densitas
378 1806 459 1839 erat
495 1759 607 1882 {gg}
625 1813 681 1839 Σ
705 1813 780 1854 10,
801 1813 874 1853 74.
941 1800 984 1845 Si
1016 1805 1252 1860 dispenpium
1294 1805 1506 1851 subducitur

193 1905 212 1932 a
242 1889 449 1932 Bismutho
499 1893 725 1947 ingredienti
774 1898 939 1952 rariori,
989 1900 1081 1942 licet
1129 1901 1227 1956 ignis
1278 1911 1315 1941 et
1357 1903 1506 1955 plumbi

189 2005 340 2051 partem
372 1996 534 2038 destruat
552 2032 563 2051 ‚
595 1998 778 2042 habemus
808 2003 906 2044 hanc
941 2004 1163 2046 densitatem
1202 1972 1452 2088 {gn—3413}
1461 1976 1505 2076 ἓ

191 2104 314 2144 :92
336 2102 410 2141 95-
481 2092 661 2137 Mixtum
702 2095 790 2139 idco
830 2098 975 2143 densius
1007 2101 1060 2142 est
1093 2112 1300 2157 repertum.
1337 2101 1369 2149 ξ.
1394 2114 1435 2149 4.

1372 2164 1490 2220 Expe
