2044 2735
544 111 629 153 270
753 94 837 139 DE
868 89 1218 135 ORBITARVM
1252 90 1629 136 APPARENTIIS

536 229 601 258 cus
637 214 713 255 abit
750 213 791 253 in
822 212 977 267 planum
1009 210 1183 251 transiens
1225 223 1293 265 per
1326 210 1471 252 rectam
1504 211 1654 251 oculum
1688 221 1725 251 et
1756 224 1846 251 cen-

536 290 638 320 tmm
676 278 819 318 orbitae
858 277 1073 329 iungentem
1117 285 1155 315 et
1187 276 1231 314 ad
1272 273 1427 327 planum
1465 275 1713 329 proieetionis
1754 288 1844 315 nor-

536 343 704 392 malem,
738 342 839 381 cuius
873 340 1029 393 proinde
1067 337 1182 378 festio
1214 349 1301 378 cum
1334 337 1451 390 plano
1484 339 1725 392 proiestionis
1765 351 1848 379 rcc-

538 417 620 447 tam
653 404 785 445 efficit.
850 402 890 444 Si
925 403 1078 457 planum
1111 403 1254 442 orbitae
1287 401 1399 441 oculo
1431 401 1570 441 dii-cete
1600 413 1848 456 opponatur,

538 470 618 511 hoc
661 469 746 520 est,
785 468 811 508 si
852 467 1040 506 coincidat
1081 479 1169 506 cum
1205 466 1319 518 plano
1363 466 1637 520 proiecti0ni53
1674 466 1749 506 hoc
1782 476 1851 504 co-

537 546 630 573 num
668 533 844 585 opticum
883 530 1015 569 secabit
1058 529 1095 568 in
1132 528 1215 581 ipio
1248 529 1373 568 baseos
1407 529 1521 582 plano
1541 563 1550 579 ,
1582 541 1620 570 et
1654 530 1726 583 ipsa
1759 529 1851 570 basis

536 596 653 637 sedtio
685 595 788 647 erit3
829 594 931 633 vnde
970 592 1090 633 orbita
1125 592 1235 632 instar
1273 592 1403 632 circuli
1441 593 1649 647 apparebit.
1715 591 1758 634 Si
1791 605 1849 633 or-

538 660 635 700 bitae
674 658 838 711 respectu
875 657 976 696 oculi
1019 667 1064 694 ea
1105 655 1148 696 sit
1189 655 1357 709 positi0,
1405 666 1450 695 vt
1490 670 1632 698 conum
1677 658 1851 710 opticum

538 722 768 763 transuersim
837 720 933 759 secet
960 752 971 771 ,
1030 720 1132 772 quod
1189 718 1234 759 fit
1261 753 1272 771 ,
1331 719 1357 760 fi
1398 720 1554 772 planum
1612 721 1756 760 orbitae
1806 721 1853 760 ad

539 786 696 840 planum
761 783 1005 838 proicCtionis
1070 784 1417 837 quomodocunque
1489 784 1685 825 inclinetur
1724 816 1734 835 ,
1802 796 1854 824 ex

539 850 612 890 hac
673 849 763 889 coni
810 847 974 888 sestione
1024 846 1142 886 oritur
1194 847 1357 899 ellipsis,
1388 856 1432 885 vt
1474 860 1525 887 ex
1576 848 1719 887 conicis
1761 859 1854 886 con-

541 913 642 965 stat,
691 924 785 966 quae
836 910 995 964 proinde
1045 911 1313 963 apparentiam
1356 909 1499 950 orbitae
1547 911 1719 951 exhibet·
1782 910 1856 950 Sed

548 976 680 1017 omnia
720 974 904 1015 exactiori
945 973 1067 1014 modo
1110 973 1323 1026 patefient,
1366 973 1392 1014 si
1422 974 1555 1027 primo
1589 974 1857 1025 conditiones,

550 1053 617 1093 per
655 1051 742 1093 quas
781 1049 901 1078 conus
946 1037 1095 1089 opticus
1137 1037 1434 1087 determinatur,
1485 1041 1776 1087 examinantis,
1818 1047 1857 1076 et

547 1103 682 1142 deinde
711 1114 762 1142 ex
793 1101 840 1140 iis
873 1109 911 1140 et
946 1099 1049 1153 plani
1081 1099 1326 1154 proiectionis
1357 1099 1544 1151 positione
1577 1113 1644 1153 per
1661 1099 1859 1152 hypothe-

545 1164 600 1207 sin
632 1166 717 1205 data
756 1163 913 1216 figuram
956 1163 1002 1203 ad
1041 1162 1225 1204 calculum
1268 1174 1515 1213 reuocemus,
1553 1176 1668 1216 quam
1701 1163 1857 1216 planum

550 1228 794 1283 proieetionis
825 1238 967 1268 conum
998 1228 1173 1281 opticum
1209 1226 1368 1266 secando
1410 1227 1601 1279 producit.

422 1291 544 1344 Fig.1.
667 1295 708 1331 6.
740 1289 799 1331 Sit
832 1288 968 1332 ADB
998 1291 1120 1331 orbita
1160 1289 1340 1330 circularis
1377 1290 1435 1329 seu
1466 1289 1554 1331 basis
1585 1289 1676 1330 coni
1708 1291 1829 1344 optici
1852 1324 1864 1342 ,

553 1355 631 1395 eius
670 1365 861 1395 centrum-
886 1351 956 1406 C,
997 1353 1128 1394 oculus
1168 1354 1206 1392 in
1245 1349 1407 1404 0,0C
1440 1354 1525 1394 axis
1558 1355 1658 1394 coni.
1725 1353 1862 1396 Mente

550 1417 775 1470 intelligatur
807 1417 962 1470 planum
995 1417 1138 1457 orbitae
1171 1416 1396 1468 productum
1417 1449 1428 1467 ,
1459 1417 1498 1456 in
1531 1418 1632 1470 quod
1662 1430 1715 1458 ex
1748 1418 1862 1458 oculo

553 1481 593 1521 O
626 1479 783 1521 demiffa
816 1480 859 1520 sit
894 1480 1207 1534 perpendicularis
1240 1477 1356 1531 OG,
1389 1478 1509 1520 secans
1541 1480 1636 1520 istud
1669 1482 1709 1520 in
1742 1493 1860 1534 punc-

555 1554 600 1584 to
632 1542 704 1596 G,
757 1544 926 1596 iungatur
975 1541 1063 1586 GC
1104 1543 1143 1582 in
1188 1541 1305 1595 plano
1347 1543 1504 1583 orbitae.
1574 1543 1660 1583 Erit
1705 1545 1861 1598 planum

555 1607 726 1660 trianguli
758 1604 874 1648 OCG
905 1606 1074 1647 normale
1106 1606 1151 1645 ad
1187 1606 1342 1659 planum
1373 1607 1517 1647 orbitae
1548 1604 1667 1646 ΑΒΗ
1686 1639 1697 1657 ,
1730 1617 1767 1646 et
1799 1619 1862 1645 an-

556 1670 661 1723 gulus
703 1667 835 1712 OCG
855 1703 865 1719 ,
897 1683 1010 1723 quem
1046 1670 1168 1709 ree'tae
1202 1666 1299 1720 OC,
1333 1667 1406 1711 CG
1441 1670 1486 1709 ad
1517 1680 1684 1710 centrum
1720 1669 1864 1709 orbitae

556 1736 719 1774 {mmant
752 1733 903 1773 definiet
940 1733 1168 1786 positionem
1202 1732 1323 1772 tetstae
1355 1729 1430 1774 OC
1464 1732 1630 1786 respectu
1664 1733 1765 1786 plani
1801 1744 1865 1771 or-

557 1798 655 1837 bitae
693 1795 822 1837 ADB.
889 1794 1046 1837 Constat
1077 1798 1151 1835 iam
1173 1827 1183 1844 ,
1218 1795 1393 1835 sidentur
1409 1794 1484 1835 OC
1515 1798 1595 1836 axis
1628 1798 1744 1846 coni,
1780 1793 1863 1835 AC

559 1862 677 1901 radius
695 1860 819 1900 baseos
834 1870 872 1899 et
906 1860 1058 1913 angulus
1089 1856 1203 1899 OCG
1239 1860 1300 1898 vel
1335 1857 1448 1899 OCA
1470 1892 1481 1910 ,
1516 1872 1658 1899 conum
1692 1860 1864 1912 opticum

559 1921 677 1965 OAB
707 1925 995 1964 determinatum
1029 1923 1112 1962 esse.
1181 1921 1226 1962 ln
1260 1922 1491 1975 sequentibus
1530 1923 1745 1963 vocabimus
1783 1919 1867 1962 OC

562 1988 768 2042 diji'antiam
809 1987 947 2027 orbitae
987 1988 1035 2027 ab
1068 1985 1162 2026 oculo
1180 2018 1190 2036 ,
1234 1985 1317 2026 AC
1356 1988 1500 2027 radium
1539 1987 1682 2027 orbitae
1702 2020 1711 2037 ,
1753 1998 1870 2039 augu-

564 2050 644 2091 lum
679 2048 802 2092 OCA
838 2051 957 2091 modo
989 2050 1225 2105 pmcccdcntt
1257 2050 1459 2091 definitum
1489 2051 1695 2107 postn'oncm
1728 2051 1870 2091 orbitae

1801 2124 1862 2155 Te-
