2044 2735
521 109 763 155 PROMTE
797 111 931 156 DELI
936 107 982 154 N
985 112 1176 158 EANDI
1409 129 1434 157 2
1446 125 1503 167 59

304 227 338 275 ξ,
382 234 418 273 ς.
454 225 518 265 Ad
557 225 742 278 reliquam
784 228 1051 269 tractationem
1093 224 1239 268 necesse
1284 241 1382 270 nunc
1418 231 1502 283 est,

185 299 234 330 'vt
266 290 389 344 paucis
421 289 465 328 ad
498 291 726 330 memoriam
760 303 960 332 reuocetur
993 293 1179 332 ordinaria
1215 293 1410 347 horologii
1431 295 1503 335 lio-

186 355 378 394 rizontalis
411 353 615 393 delineatio
637 386 647 404 ,
682 354 828 393 tundata
850 356 888 394 in
908 356 1042 408 regulis
1060 356 1348 398 Proicc'tionum
1370 359 1504 398 Astro-

186 420 429 458 noum-arum
451 451 460 468 ‚
493 416 592 469 apud
628 421 750 457 varios
784 418 976 459 Auctores
1009 419 1203 459 doctrinae
1229 419 1502 463 Gnomonicae

186 482 298 521 obuia
319 515 328 533 ‚
364 491 403 519 et
437 492 532 533 quae
567 479 730 520 breuiter
763 480 836 520 huc
871 482 983 521 redit.
1050 480 1180 522 Deusta
1208 484 1304 522 linea
1323 485 1425 524 recta
1443 487 1503 525 in-

185 545 342 584 definita
376 541 571 592 AEXII,
606 545 772 596 capiatur
805 544 962 596 angulus
995 544 1389 587 EAGL-latitudini
1411 548 1500 601 loci,

183 609 395 660 duc'taeque
427 607 475 646 sic
511 605 635 645 ree‘tae
670 605 759 647 AG
793 607 928 647 insistat
962 609 1007 648 ad
1037 609 1195 662 angulos
1227 609 1348 650 rectos
1384 609 1497 664 GD,

183 674 241 712 cui
277 669 435 723 aequalis
468 668 699 709 abicindatur
733 668 835 710 DE.
899 671 1027 713 Radio
1061 671 1148 713 ΕΙ)
1167 671 1390 715 describatur
1408 687 1500 729 qua-

182 736 291 775 drans
332 732 459 772 circuli
501 730 586 771 DI<
627 733 849 774 diuidendus
891 735 932 775 in
967 735 1032 775 sex
1066 746 1192 790 partes
1225 738 1391 791 aequales
1425 751 1499 792 pro

179 799 308 846 horis,
343 795 531 848 ductisque
563 809 634 849 per
668 797 805 839 harum
838 798 1065 839 diuisionum
1099 799 1238 853 puncta
1269 801 1495 842 inuentare-

180 862 250 902 ctis
284 860 381 911 ΕΙ,
401 858 615 912 E2,E3,
649 870 722 901 etc.
744 895 755 914 ‚
788 861 1072 902 denotabuntur
1105 864 1144 903 in
1177 863 1220 904 D
1232 875 1253 912 5
1279 896 1290 915 ‚
1333 878 1494 919 perpen-

177 925 332 965 diculari
365 923 410 963 ad
444 923 530 964 ΑΕ
552 955 564 974 ,
600 925 741 977 puncta
779 939 796 964 1
814 958 824 977 ‚
848 938 893 976 2,
915 936 963 976 3,
982 940 1032 979 4,
1055 938 1074 977 5
1092 959 1102 978 ‚
1135 940 1205 980 per
1239 940 1331 981 quae
1364 929 1498 969 ductae

176 989 303 1029 rcc'tae
344 987 382 1027 A
402 1000 442 1039 1,
470 988 546 1028 ΑΞ
563 1020 573 1038 ,
598 988 671 1035 A3
688 1021 698 1040 ,
727 989 825 1040 A4‚
853 989 892 1028 A
909 1000 929 1038 5
955 1021 965 1041 ,
1004 1000 1117 1030 erunt
1158 990 1281 1030 lineae
1322 991 1497 1032 horariae

173 1053 370 1107 quaesitae.
444 1052 634 1092 Ponamus
676 1054 753 1093 iam
796 1053 931 1093 eadem
972 1053 1115 1107 puncta
1163 1067 1207 1106 1,
1230 1067 1276 1106 2,
1299 1065 1416 1107 3‚4‚
1442 1067 1462 1105 5
1488 1089 1498 1108 ‚

175 1115 420 1156 determinari
454 1115 590 1155 debere
626 1128 693 1168 per
727 1116 1026 1169 applicationem
1060 1116 1196 1157 Scalae
1214 1114 1494 1171 sevhoimwcm,

178 1191 274 1233 qnae
304 1179 348 1218 sit
380 1176 490 1230 BC;
526 1189 716 1230 apparet,
754 1179 1014 1232 quaestionem
1050 1180 1126 1220 iam
1162 1182 1201 1221 in
1234 1193 1283 1221 eo
1325 1182 1495 1233 verfim‘,

179 1242 378 1296 quomodo
419 1241 608 1296 punstum
650 1241 684 1282 B
727 1252 789 1282 aut
831 1240 864 1282 C
897 1242 1147 1283 determinari
1182 1244 1346 1296 debeat,
1380 1255 1426 1285 vt
1459 1246 1496 1285 ei

178 1306 271 1346 scala
315 1305 380 1345 sex
424 1306 634 1356 horarum,
677 1306 882 1346 constantis
921 1307 1064 1360 quippe
1098 1306 1375 1360 longitudinis,
1411 1318 1497 1349 tuto

177 1370 361 1423 applicari
396 1369 537 1422 poliit3
573 1369 709 1409 deinde
739 1371 855 1410 ctiam
876 1403 886 1421 ‚
920 1383 966 1410 an
987 1369 1159 1422 poffibile
1182 1371 1224 1411 sit
1245 1404 1254 1423 ,
1291 1381 1330 1411 et
1348 1373 1493 1413 institu-

170 1447 254 1474 tum
295 1434 331 1473 id
366 1434 556 1486 patiatur,
600 1443 642 1473 vt
677 1433 900 1487 quibuslibet
940 1434 1195 1473 latitudmibus
1230 1447 1305 1474 vna
1340 1437 1491 1476 eadem-

171 1510 251 1551 que
285 1497 458 1536 iuferuiat
489 1496 688 1550 longitudo
721 1506 759 1537 et
790 1497 927 1538 dinifio
966 1497 1093 1538 rectae
1132 1494 1209 1538 BC
1251 1498 1327 1539 hoc
1370 1500 1495 1541 modo

171 1561 401 1616 applicatae.

294 1625 329 1674 ᾗ.
365 1627 406 1663 6.
442 1624 590 1680 Quibus
619 1624 897 1678 ¹quaestionibus
929 1634 974 1664 vt
1006 1626 1223 1667 satisfaciam
1244 1659 1255 1678 ,
1295 1628 1494 1682 inuestiga-

170 1688 228 1728 bo
261 1698 411 1728 tantum
448 1690 696 1742 quantitatem
732 1688 854 1728 restae
888 1687 972 1728 AB
992 1724 1002 1742 ‚
1035 1692 1177 1730 viiurus
1210 1703 1258 1730 an
1290 1704 1333 1731 ea
1352 1693 1490 1745 depen-

173 1752 263 1791 deat
295 1765 314 1791 a
349 1752 544 1792 latitudine
578 1751 654 1792 loci
690 1752 762 1792 sola
782 1785 792 1803 ,
828 1753 891 1793 vel
926 1766 972 1793 an
1005 1754 1084 1794 aliis
1112 1753 1235 1795 adhuc
1262 1754 1493 1796 determina-

173 1815 343 1855 tionibus
384 1817 557 1855 obnoxia
598 1816 654 1857 sit.
728 1816 874 1872 Quodsi
915 1820 1019 1858 enim
1062 1818 1148 1858 illud
1182 1818 1216 1858 se
1248 1818 1488 1860 manifestet:

176 1879 321 1930 patebit
363 1879 578 1931 poliibilitas
620 1879 731 1921 Salac>
752 1876 823 1934 sta·
864 1879 1040 1922 horarum
1071 1882 1306 1933 constantis,
1340 1884 1386 1924 ad
1419 1884 1494 1923 sin-

178 1940 279 1992 gulas
313 1941 524 1982 latitudines
557 1944 813 1997 applicandae.
880 1944 996 2000 Qiod
1031 1954 1076 1985 vt
1117 1947 1364 1987 commodius
1404 1946 1492 1998 fiat,

176 2001 359 2043 affumam
423 2009 659 2058 tangentium
712 2006 785 2048 D1
812 2040 823 2058 ,
876 2007 990 2060 Dz,
1033 2009 1110 2059 D3
1145 2040 1155 2057 ‚
1202 2018 1275 2049 etc.
1328 2011 1488 2051 eundem

176 2067 324 2108 §adium
359 2080 444 2109 cum
479 2071 713 2122 tangentibus
747 2070 847 2123 FII,
869 2072 953 2125 FI,
976 2072 1070 2126 FC,
1101 2073 1239 2114 scilicet
1282 2082 1489 2125 Vtrumque

790 2135 826 2175 Κ
845 2135 870 2175 k
891 2148 915 2173 2
1435 2148 1491 2174 z:
