2044 2735
514 133 604 175 430
755 119 835 160 DE
869 117 1064 160 ALCIBI
1090 116 1192 160 ⁴DE
1224 115 1582 161 CERTAMINIS

510 238 602 280 belli
634 247 762 279 autem
798 236 1109 290 Peloponnesium
1147 237 1384 278 duodecimo.
1456 236 1604 290 Pugnae
1635 248 1723 276 cum
1758 237 1827 277 Po-

513 303 709 350 tidaeatis,
746 314 842 354 quae
873 313 959 342 :inte
993 302 1068 341 hoc
1101 312 1299 355 tantopere
1339 302 1571 341 celebratum
1605 300 1743 340 bellum
1778 302 1828 340 al-

512 375 602 406 tero
632 377 732 406 anno
763 366 929 416 accidit,
969 365 1176 406 admodum
1217 366 1428 405 adolescens
1466 366 1676 414 intererat,
1710 366 1830 404 mani-

511 430 606 471 festo
639 429 810 484 periculo
849 440 941 469 tunc
974 441 1044 482 per
1082 430 1397 469 commilitonem
1431 427 1631 468 Socratem
1663 438 1827 480 ereptus.

513 494 610 535 Non
644 492 837 548 possumus
878 494 1010 546 vtique
1052 506 1142 533 eum
1186 494 1376 533 minorem
1412 492 1572 533 XVIII.
1609 492 1796 532 aestimare
1819 525 1830 544 ,

514 558 618 612 quod
638 568 788 611 tempus
807 557 1016 597 minimum
1043 567 1148 607 erat,
1181 568 1258 609 quo
1291 557 1540 596 adolescentes
1572 557 1739 596 militare
1773 556 1830 595 in-

513 621 715 674 cipiebant.
783 622 914 675 Atque
947 619 1022 660 hoc
1056 620 1217 660 assumto
1246 620 1479 674 conlequitur
1501 621 1740 662 Alcibiadem
1760 620 1832 659 vix

513 695 675 738 quatuor
725 697 845 725 annos
894 694 1026 724 natum
1075 683 1208 736 fuisse,
1257 697 1377 737 quum
1419 696 1528 737 pater
1570 685 1649 723 eius
1690 681 1832 723 Clinius

514 749 759 802 Olympiadis
792 748 1037 789 LXXXIII.
1071 761 1172 787 anno
1205 747 1365 787 secundo
1399 749 1496 801 apud
1517 745 1738 787 Coroneam
1758 746 1832 786 tor-

513 814 604 853 titer
634 825 708 866 pro
740 813 860 866 patria
893 824 1061 866 pugnans
1094 812 1310 863 decederet,
1342 811 1538 866 ipsumque
1571 822 1736 853 tutorum
1768 823 1834 851 cu-

517 889 577 917 rae
607 876 847 930 relinqueret.

632 939 718 980 Iam
752 939 781 980 st
823 939 1034 993 cogitamus
1065 939 1248 980 immunes
1288 937 1455 990 sumtus,
1491 951 1586 993 quos
1616 937 1835 979 Alcibiades

516 1001 606 1043 fecit
645 1003 751 1058 equis
793 1004 961 1053 alendis,
997 1014 1038 1043 et
1079 1003 1369 1043 memorabilem
1412 1003 1673 1056 profusionem
1712 1003 1751 1042 in
1787 1005 1836 1042 {a-

517 1065 668 1106 crificiis
699 1076 739 1106 et
770 1067 891 1120 epulis
922 1066 1143 1120 praebendis
1163 1100 1173 1118 ,
1206 1068 1254 1107 de
1287 1066 1419 1119 quibus
1452 1067 1551 1120 apud
1592 1065 1837 1108 PLVTAR-

518 1127 681 1171 CHVM
714 1130 753 1170 in
786 1132 865 1170 vita
897 1132 975 1171 eius
1007 1140 1047 1171 et
1080 1130 1448 1172 ATHENAEVM
1482 1128 1709 1184 dipnoibph.
1746 1129 1833 1169 libr.

517 1193 618 1236 XII.
663 1206 715 1234 ex
763 1192 1004 1248 scriptoribus
1042 1196 1194 1235 coaeuis
1234 1193 1413 1234 refertur:
1449 1195 1521 1234 vix
1553 1194 1662 1234 alicui
1689 1193 1835 1233 videbi-

518 1267 578 1299 tur
608 1255 692 1298 fieri
713 1257 896 1310 potuiss'e,
932 1268 978 1298 vt
1007 1257 1197 1299 Alcibiadi
1231 1257 1293 1298 fiib
1324 1258 1510 1299 tutoribus
1538 1257 1741 1297 constituto
1780 1258 1835 1298 in-

518 1329 672 1375 tegrum
707 1320 816 1362 fuerit
848 1331 966 1362 tantas
996 1322 1183 1375 impenlits
1214 1320 1364 1362 facere:
1397 1321 1613 1376 praesertim
1646 1321 1674 1362 fi
1715 1320 1839 1361 consi-

520 1386 682 1437 deretur,
703 1397 783 1426 non
815 1384 942 1426 solum
982 1386 1028 1427 ad
1061 1385 1248 1438 Olympia
1281 1384 1391 1425 illurn
1424 1397 1541 1439 equos
1572 1385 1654 1424 suos
1685 1393 1724 1423 et
1755 1397 1834 1425 cur-

522 1462 584 1490 rus
618 1448 758 1490 misisse
779 1483 790 1502 ,
824 1448 884 1489 sed
917 1449 987 1488 alia
1019 1450 1137 1490 etiam
1169 1450 1266 1489 sacra
1298 1451 1506 1489 certamina
1537 1447 1667 1489 adiiss‘e
1699 1457 1738 1487 et
1777 1449 1835 1488 in-

519 1512 568 1553 de
605 1525 762 1553 coronas
803 1511 1014 1555 abstulisse:
1056 1513 1157 1567 quod
1189 1512 1237 1553 de
1272 1510 1438 1553 Nemeis
1479 1511 1560 1552 latis
1599 1521 1748 1552 certum
1783 1511 1838 1552 est

519 1588 572 1617 ex
611 1574 896 1618 PAVSANIA
938 1576 1003 1616 lib.
1046 1575 1080 1617 1.
1124 1590 1208 1630 cap.
1254 1576 1399 1617 XXII.
1439 1575 1606 1629 Oportet
1647 1575 1759 1628 igitur
1798 1575 1835 1615 id

521 1648 608 1680 tunc
640 1641 801 1681 demum
836 1639 1009 1680 accidisse
1037 1672 1048 1692 ,
1083 1640 1150 1680 vbi
1181 1642 1259 1680 iam
1293 1640 1343 1680 sui
1378 1640 1467 1680 iuris
1497 1639 1564 1680 fuit
1596 1648 1634 1677 et
1676 1637 1834 1678 tutehm

520 1703 705 1743 exceffit:
739 1703 843 1756 quod
883 1702 1023 1755 legibus
1063 1714 1236 1743 veterum
1279 1704 1503 1742 Atticorum
1551 1701 1744 1753 aliquanto
1785 1700 1837 1740 se-

519 1766 595 1806 xius
614 1798 624 1817 ,
657 1778 771 1819 quam
803 1765 903 1818 apud
936 1766 1166 1816 Romanos,
1200 1766 1350 1805 videtur
1367 1765 1521 1805 fastum.
1589 1764 1695 1804 Nam
1715 1776 1836 1817 quum

520 1828 566 1870 hi
606 1829 721 1870 tutela
763 1829 953 1882 pupillum
995 1828 1232 1868 dimitterent
1271 1829 1427 1869 decimo
1466 1838 1504 1867 er
1536 1838 1672 1882 quarto
1705 1827 1838 1868 aetatis

520 1905 624 1933 anno
666 1893 851 1946 peraeto,
884 1891 1010 1932 eidem
1051 1902 1179 1931 tamen
1229 1903 1443 1932 curatorem
1487 1891 1677 1932 bonorum
1718 1903 1836 1945 vsque

522 1956 569 1997 ad
602 1957 828 1998 vicefimum
866 1965 906 1995 et
947 1957 1121 2010 quintum
1154 1956 1400 2009 adiungerent
1428 1968 1439 2008 3
1474 1967 1522 1995 ne
1554 1968 1625 2009 per
1655 1955 1837 1996 lubricum

523 2022 654 2062 aetatis
692 2034 773 2062 rem
817 2033 837 2061 a
881 2021 1100 2072 parentibus
1140 2020 1310 2060 relictam
1355 2019 1606 2072 dissiparent:
1648 2029 1839 2059 curatores

519 2085 700 2138 equidem
739 2085 839 2141 apud
879 2082 1049 2126 Graecos
1089 2095 1170 2124 non
1211 2084 1365 2128 inuenio
1406 2084 1514 2124 datos
1533 2113 1546 2135 ‚
1585 2080 1649 2123 sed
1679 2083 1837 2124 tutelam

1792 2147 1840 2186 ad
