2044 2735
518 124 610 160 220
900 105 1042 167 ›22334
1078 108 1171 165 (0)
1206 104 1345 166 fflss*

723 222 837 285 DE
879 221 1134 284 MOTV
1177 219 1625 281 CORPORVM

620 307 793 358 SVPER
825 311 1016 355 PLANo
1050 306 1453 354 HORIZONTALI
1497 307 1725 350 ASPERo.

1078 402 1274 435 Avcronss

1070 455 1118 500 L.
1156 454 1284 497 Euler.

1122 569 1156 619 §.
1183 581 1221 609 1.

339 688 413 724 hb.
446 690 486 723 v·
516 661 582 762 In
615 665 728 708 omni
757 675 922 720 corpore
956 663 1154 719 duplicem
1190 659 1307 704 inesse
1326 659 1435 718 poffe
1454 670 1607 703 motum
1628 695 1638 714 ,
1672 662 1832 704 alterum

589 729 866 785 progreffiunm
900 729 1062 768 alterum
1097 729 1323 768 rotatorium
1358 735 1435 766 tam
1454 727 1693 778 experientia
1714 740 1831 780 quim

517 792 595 847 ipsa
628 796 685 834 rei
718 804 848 834 natura
881 791 1086 832 luculenter
1119 791 1259 831 enincit
1279 823 1290 843 ,
1324 790 1521 843 omnisque
1559 800 1687 829 motus
1714 802 1833 843 quem

520 858 680 912 quidem
713 869 854 910 corpus
886 855 1068 909 suscipere
1102 854 1226 909 potest
1245 887 1257 907 ,
1288 853 1355 893 vel
1387 853 1439 893 est
1473 852 1720 906 progreffiuus
1753 863 1838 893 tan-

520 929 605 962 tum
624 953 636 973 ‚
689 920 754 961 vel
804 918 1010 963 rotatorius
1066 927 1213 958 tantum
1241 950 1251 969 ,
1293 916 1356 957 vel
1389 928 1442 957 ex
1469 926 1633 968 Vtroque
1676 917 1834 956 mixtus.

521 983 626 1025 Hinc
665 985 778 1025 vuius
819 983 996 1036 cuiusque
1038 983 1213 1035 corporis
1236 990 1388 1021 motum
1430 979 1603 1019 distincte
1636 979 1837 1032 cognoscit

521 1050 581 1100 is,
624 1048 688 1102 qui
730 1056 810 1087 tam
851 1048 1105 1100 quantitatem
1149 1045 1344 1097 Vtriusque
1382 1052 1540 1092 motus,
1584 1043 1645 1095 qui
1697 1044 1734 1081 in
1770 1042 1837 1082 illo

523 1122 692 1164 corpore
734 1108 827 1151 inest
858 1138 872 1161 ‚
915 1121 1030 1161 quam
1077 1109 1265 1148 rationem
1306 1106 1638 1146 determinationis
1672 1103 1842 1158 perfecte

521 1173 702 1228 affignare
735 1173 850 1213 valet.
917 1171 1077 1225 Loquor
1110 1171 1173 1211 hic
1207 1179 1340 1211 autem
1371 1169 1420 1208 de
1452 1168 1679 1222 corporibus
1711 1167 1839 1209 solidis

521 1239 582 1279 teu
614 1236 775 1291 rigidis,
807 1247 903 1290 quae
935 1235 1072 1276 nullius
1105 1243 1235 1275 motus
1265 1232 1461 1284 intestini,
1495 1244 1574 1286 quo
1607 1241 1732 1285 partes
1751 1244 1841 1272 cor·

523 1302 629 1356 poris
662 1301 774 1342 fitum
810 1300 912 1340 iuter
945 1298 979 1339 ie
1012 1308 1184 1339 mutuum
1219 1306 1400 1346 mutant,
1443 1296 1522 1336 sunt
1555 1308 1740 1349 capaces,
1775 1295 1840 1335 vel

524 1365 654 1406 saltem
695 1365 743 1403 de
775 1362 909 1404 talibus
954 1362 1178 1415 corporibus
1223 1361 1321 1401 mihi
1358 1360 1482 1400 sermo
1515 1359 1598 1409 est,
1635 1372 1671 1398 m
1709 1359 1841 1412 quibus

526 1428 713 1469 eiusmodi
759 1436 886 1467 motus
927 1426 1124 1466 intestinus
1165 1424 1228 1464 vel
1269 1424 1355 1464 ac‘tu
1399 1436 1477 1462 non
1519 1423 1628 1462 datur
1662 1422 1726 1462 vel
1760 1435 1840 1463 non

526 1491 725 1545 spectatur.
792 1489 936 1545 Quodsi
972 1489 1074 1530 enim
1106 1500 1267 1541 corpora
1304 1487 1368 1526 vel
1402 1486 1544 1533 fluida,
1581 1486 1643 1526 vel
1677 1485 1843 1538 mollia⁸

527 1554 594 1595 vel
635 1552 823 1593 flexibilia
868 1561 1160 1605 proponantur,
1204 1561 1285 1590 tum
1327 1551 1373 1591 ad
1406 1561 1540 1590 eorum
1583 1559 1738 1590 motum
1782 1549 1841 1589 di-

530 1617 664 1659 stincte
704 1616 996 1669 intelligendum
1031 1615 1320 1667 vniuscuiusque
1358 1613 1474 1667 partis
1506 1623 1659 1652 motum
1695 1623 1842 1664 cogno-

529 1682 579 1722 sci
612 1689 767 1734 oportet
788 1713 798 1731 ,
841 1680 964 1719 donec
1007 1679 1248 1731 perueniatur
1287 1678 1334 1717 ad
1369 1686 1494 1730 partes
1527 1686 1604 1715 tum
1639 1677 1805 1714 minutas
1827 1707 1839 1726 ‚

529 1743 569 1786 in
602 1745 734 1798 quibus
766 1753 894 1784 motus
928 1742 1119 1782 intestinus
1148 1741 1309 1792 amplius
1342 1740 1503 1779 omnino
1535 1751 1613 1778 non
1633 1739 1694 1778 cst.
1732 1739 1840 1780 Hoc-

530 1821 601 1863 que
635 1806 750 1860 pazsto
792 1807 921 1846 omnis
953 1815 1082 1846 motus
1115 1805 1288 1857 cognitio
1330 1803 1548 1856 perducitur
1585 1801 1631 1841 ad
1667 1803 1744 1842 duo
1775 1802 1840 1843 illa

531 1881 658 1913 motus
709 1871 747 1910 in
783 1882 948 1923 corpora
997 1868 1111 1908 solida
1163 1867 1329 1907 cadentis
1378 1878 1543 1919 genera,
1596 1877 1692 1919 quac
1728 1866 1845 1908 initio

530 1934 851 1976 commemoraui.

647 2005 679 2052 ξ.
707 2017 745 2042 2.
791 2002 836 2042 Iu
883 2002 1054 2056 quolibet
1102 2014 1198 2041 vcro
1232 2013 1397 2053 corpore
1431 2009 1558 2040 motus
1593 1999 1852 2052 progrcffiuus

533 2078 678 2110 tantum
721 2064 835 2108 inesse
875 2067 1040 2118 dicitur,
1083 2065 1109 2106 si
1152 2077 1284 2106 omncs
1322 2065 1495 2119 corporis
1535 2073 1662 2118 partes
1695 2063 1851 2117 aequali

1778 2138 1829 2166 ve
