2044 2735
211 133 536 179 ACADEMIA
559 134 792 177 MEDICA
811 128 1036 179 OBSERV.
1054 131 1370 180 HISTORICA.
1440 146 1527 188 455

326 256 457 313 Quum
492 255 541 296 sic
576 265 752 309 appareat
792 254 895 295 fuisse
928 267 1089 296 omnem
1136 254 1303 295 schol-im
1338 254 1402 295 sub
1432 255 1528 296 dire-

208 318 342 360 Ctione
389 319 638 374 personarum
689 320 1053 361 ecclesiasticarum:
1110 320 1263 373 ipliique
1312 320 1532 360 noiocomia

208 385 295 424 inde
335 398 355 424 a
391 385 524 438 primis
565 380 869 424 Christianorum
913 384 1152 439 temporibus
1183 383 1360 423 ecclcsiae
1392 383 1532 423 fuerint

208 447 371 488 subiect-i
412 458 452 488 ct
492 449 666 487 innexa:
711 449 861 489 videtur
903 448 987 488 sane
1042 448 1253 487 admodum
1305 447 1532 500 probabile,

206 513 308 565 quod
350 513 396 552 ad
436 511 601 552 scholam
652 513 847 551 medicam
888 511 1050 551 accessus
1101 523 1179 550 non
1222 511 1419 564 patuerit,
1464 511 1532 551 nist

206 573 510 616 Christianorum
543 575 696 627 liberis,
728 585 840 628 atque
876 587 954 614 non
990 573 1203 628 promiscue
1244 575 1441 625 omnibus,
1470 574 1532 616 sed

205 641 270 694 qui
313 641 478 681 eiusdem
519 639 710 692 dogmatis
752 637 868 680 essent
902 638 1071 679 asseclae.
1139 638 1244 678 Facit
1278 637 1372 678 haec
1406 638 1530 678 consi-

204 704 354 744 deratio
375 737 384 755 ,
418 713 462 744 vt
498 715 576 742 non
609 703 842 755 existimem,
886 703 1054 743 Arabem
1088 701 1198 741 illum
1218 703 1418 742 medicum
1451 702 1529 743 Ha-

205 767 292 807 reth
326 767 398 808 Ibn
448 764 567 806 Calda
587 799 597 818 ,
640 767 742 806 cuius
776 768 1020 809 mentionem
1070 766 1156 806 facit
1191 766 1498 820 Abulpliaragius
1518 798 1531 819 ,

204 831 432 885 discipulum
474 831 515 870 in
547 830 673 870 schola
715 827 1033 884 Gandisaporensi
1076 829 1282 870 formatum
1324 840 1362 870 ct
1396 830 1532 871 educa-

205 903 290 936 tum
321 894 441 936 fuisse.
507 893 645 937 Scribit
678 894 725 934 de
759 896 840 948 ipso
874 895 930 935 his
962 895 1117 935 verbis:
1154 893 1346 934 Profectus
1381 895 1414 933 in
1442 894 1532 934 Per-

203 958 294 1001 siam
340 970 462 1000 artem
503 960 693 999 medicam
736 959 867 999 didicit
901 972 921 998 a
957 957 1242 1011 Ganditiipome
1278 958 1422 998 incolis.
1459 958 1531 998 Vi·

203 1023 339 1064 dentur
371 1023 469 1063 mihi
511 1023 575 1062 hic
611 1022 844 1075 intelligendi
878 1024 1021 1063 medici
1063 1024 1100 1062 in
1132 1021 1260 1062 schola
1292 1022 1355 1062 illa
1389 1020 1531 1062 forma-

204 1088 263 1138 ti,
297 1088 362 1140 qui
395 1085 462 1127 suis
494 1087 664 1140 auspiciis
697 1096 820 1127 artem
863 1088 902 1127 in
937 1087 1031 1127 vrbe
1065 1085 1300 1130 exercebant
1320 1119 1330 1136 ,
1365 1097 1529 1140 quorum

203 1149 439 1191 institutione
473 1149 553 1190 vsus
583 1148 663 1191 fuit.
736 1149 819 1192 Nisi
852 1151 1003 1205 probari
1039 1148 1164 1204 poffit,
1197 1161 1286 1190 eum
1319 1149 1529 1190 admodum

202 1215 380 1255 iuuenem
424 1214 512 1255 illuc
552 1215 720 1255 delatum
761 1225 799 1254 et
840 1215 1067 1268 religionem
1110 1211 1364 1254 Christianam
1398 1211 1532 1268 sequu-

203 1287 287 1319 tum
330 1276 462 1318 fuiffe:
507 1278 610 1332 quod
644 1288 775 1318 tamen
810 1280 882 1318 vix
915 1279 1067 1332 colligas
1087 1309 1098 1329 ‚
1140 1279 1226 1332 quia
1257 1277 1418 1330 scriptor
1452 1277 1525 1317 cir-

203 1341 439 1395 cumspectus
478 1343 650 1383 Ambem
693 1342 819 1382 dicere
861 1351 899 1382 et
943 1343 1084 1383 tribum
1127 1342 1201 1381 cius
1245 1341 1409 1381 indicare
1443 1340 1527 1382 {iltis

204 1406 381 1460 putauit:
419 1407 542 1446 senem
576 1418 726 1460 quoquc
762 1405 1056 1447 Muhammedis
1090 1415 1177 1446 tunc
1212 1404 1269 1445 sua
1300 1415 1528 1447 commenta

203 1468 373 1523 spargere
407 1470 620 1523 incipientis
653 1469 773 1524 gratia
804 1468 970 1511 floruiss‘e
989 1502 1000 1524 ‚
1034 1470 1174 1525 suisque
1206 1469 1527 1510 commendatum

202 1534 248 1574 ab
281 1546 329 1575 eo
360 1531 461 1574 fuisse
496 1543 668 1575 annotat.

322 1598 390 1639 Ex
431 1610 510 1650 quo
550 1598 641 1638 illud
684 1610 836 1652 quoque
883 1598 1126 1652 colligimus,
1167 1596 1419 1651 superioribus
1462 1596 1528 1639 ad-

202 1660 368 1702 dendum
390 1695 400 1712 ,
433 1660 591 1701 floruiffe
625 1661 793 1702 scholam
826 1662 1015 1703 medicam
1051 1661 1415 1715 Gandisaporenstm
1450 1660 1529 1702 file·

201 1726 275 1765 culi
296 1725 390 1765 sexti
409 1723 601 1778 postrema
621 1736 727 1780 parte
748 1742 756 1767 ι
798 1735 836 1766 et
854 1757 865 1776 ,
907 1725 934 1766 fi
966 1726 1070 1766 recte
1110 1726 1252 1766 habent
1268 1757 1279 1776 ‚
1315 1737 1412 1778 quae
1432 1737 1525 1779 pro-

202 1788 371 1829 babiliter
403 1787 651 1842 collegimus,
694 1790 771 1830 iam
806 1799 898 1829 tunc
935 1789 1036 1830 fuisse
1072 1803 1161 1830 cum
1197 1787 1443 1830 ecclesiastica
1477 1791 1527 1843 va}

201 1852 334 1893 nitam.
398 1851 463 1894 Ne
507 1863 635 1893 autem
674 1854 814 1908 aliquid
866 1853 931 1893 hic
969 1854 1214 1894 determinate
1256 1862 1294 1893 et
1326 1865 1399 1905 pro
1433 1865 1527 1894 om-

201 1915 299 1955 nino
339 1927 445 1957 certo
479 1929 666 1969 ponerem
687 1951 698 1969 ,
739 1916 864 1957 effecit
898 1918 1162 1958 testimonium
1198 1917 1245 1957 ab
1276 1914 1524 1957 ASSEMA-

201 1979 286 2021 ΝΟ
318 1980 424 2020 Tom.
457 1980 531 2022 IV.
560 1990 656 2036 pag.
693 1979 946 2022 CMXXIV.
990 1981 1173 2031 allatum,
1207 1980 1312 2034 quod
1347 1980 1444 2020 olim
1482 1982 1523 2022 in

201 2042 324 2083 schola
360 2044 434 2083 fiue
468 2044 654 2086 Edessena
686 2045 759 2086 fiue
794 2045 970 2087 Nifibcna
1003 2043 1209 2085 Christiani
1244 2043 1349 2097 pueri
1382 2055 1421 2084 ct
1455 2058 1523 2098 pa-

200 2108 370 2167 gani-'in
404 2120 482 2150 vna
522 2110 734 2166 eademque
775 2109 901 2151 schola
939 2110 1069 2152 edocti
1111 2108 1273 2151 suerint:
1316 2108 1419 2162 quod
1453 2122 1523 2150 cur

1442 2185 1525 2214 non
