2044 2735
215 138 398 182 SVRER
431 136 628 181 PLANO
671 134 1087 182 HORIZONTALI
1118 137 1340 183 ASPERO
1442 151 1526 190 233

218 261 257 300 in
291 258 502 298 directione
536 254 618 298 GC
643 270 653 310 3
691 270 803 311 quare
827 291 837 310 ,
872 258 895 297 si
930 259 1100 311 corporis
1133 258 1284 312 pondus
1317 258 1381 299 vel
1408 260 1537 300 minu-

218 333 302 364 atur
336 323 396 362 vel
430 332 605 374 augeatur
638 333 817 362 manente
859 322 992 361 eadem
1038 322 1110 362 basi
1131 353 1142 373 ‚
1184 323 1393 376 eademque
1413 323 1537 380 „plani

219 387 421 441 asperitate
442 419 452 437 ,
489 396 569 427 tum
600 384 726 424 fric'tio
760 385 799 424 in
835 385 972 424 eadem
1015 387 1164 425 ratione
1207 386 1270 425 vel
1312 387 1535 440 minuetur,

221 452 286 491 vel
320 451 527 503 augebitur.
595 449 770 502 Hincque
805 448 1006 501 explorata
1040 462 1111 502 pei·
1142 450 1413 502 experimenta
1448 452 1537 491 vni-

221 528 263 554 us
307 514 477 567 corporis
518 512 693 553 sric'tione
734 513 838 564 [uper
868 512 959 551 dato
994 512 1109 565 plano
1143 526 1213 566 per
1252 513 1375 553 solum
1419 516 1537 554 ratio-

221 580 367 619 cinium
411 575 648 616 infinitorum
689 575 850 615 aliorum
900 587 1109 629 corporum
1162 576 1356 616 fristiones
1405 577 1538 631 colligi

222 651 417 696 poterunt.
480 638 660 693 Denique
691 639 864 678 videatur
897 640 1124 692 magnitudo
1158 639 1248 680 basis
1280 652 1359 680 non
1401 653 1538 695 parum

222 707 269 746 ad
315 705 531 745 flictionem
573 703 646 743 siue
686 703 898 755 augendam
943 703 1017 744 flue
1053 705 1299 745 minuendam
1332 709 1535 746 conterre:

225 770 381 810 interim
417 778 549 807 tamen
584 767 850 820 experimenta
884 768 1031 808 nullum
1074 768 1238 810 sensibile
1282 769 1484 810 discrimen
1517 782 1539 811 a

222 831 481 886 magnitudine
515 831 605 871 basis
637 830 841 870 oriundum
874 831 1147 872 demonstrant.
1223 833 1369 890 Quodsi
1409 845 1538 874 autem

220 896 500 950 perpendamus
532 894 757 948 press‘ioiicm
793 897 965 948 corporis
997 908 1067 949 per
1107 907 1228 937 totam
1274 898 1374 938 basin
1417 899 1536 938 distri-

223 960 315 1011 bui,
350 958 456 999 facile
490 960 725 1014 percipimus
774 958 914 1012 singula
958 960 1046 1000 baslS
1090 961 1280 1001 elementa
1322 973 1370 1001 eo
1413 963 1539 1002 miuus

219 1024 379 1077 planum
414 1035 591 1076 premere
610 1057 620 1075 ‚
654 1034 731 1076 quo
763 1023 890 1063 maior
920 1023 1034 1064 fuerit
1066 1024 1178 1077 basis,
1218 1025 1381 1079 ideoque
1401 1037 1448 1065 eo
1466 1026 1539 1067 mi-

216 1100 357 1128 norem
388 1086 607 1127 frictionem
642 1086 848 1139 sustinere3
883 1100 935 1127 ex
968 1100 1046 1142 quo
1080 1089 1270 1143 sequitur,
1306 1090 1539 1143 magnitudi-

220 1163 311 1192 nem
330 1151 420 1191 basis
438 1151 687 1204 quantitatem
715 1149 900 1190 stie‘tionis
931 1153 1077 1204 prorsus
1103 1165 1182 1192 non
1209 1153 1363 1193 afficere
1389 1155 1538 1194 debere.

339 1215 374 1263 §.
424 1227 489 1264 19.
534 1214 604 1254 His
645 1214 692 1253 de
725 1212 911 1254 frictionis
954 1216 1124 1255 mensura
1172 1217 1356 1270 expositis
1381 1250 1393 1270 ,
1433 1216 1541 1257 fiicile

218 1278 321 1319 foret
354 1278 650 1318 retardationem
685 1286 812 1318 motus
843 1277 1064 1332 progressiui
1086 1312 1096 1331 ‚
1131 1280 1192 1333 qui
1226 1282 1380 1334 corpori
1422 1279 1542 1322 ADB

223 1344 335 1383 initio
368 1341 436 1381 fnit
471 1340 701 1394 impressus,
744 1354 817 1395 pro
849 1343 980 1396 quouis
1021 1354 1229 1383 momento
1270 1343 1445 1397 affignare
1467 1378 1478 1397 ,
1514 1344 1542 1386 si

224 1407 348 1447 modo
390 1405 607 1457 constaret,
651 1417 789 1458 corpus
831 1418 851 1445 a
892 1406 1070 1446 frietione
1102 1419 1182 1447 non
1216 1409 1445 1461 prostratum
1481 1409 1540 1448 iri.

222 1469 487 1526 Quamobrem
527 1478 616 1508 ante
656 1469 764 1508 nobis
801 1468 1058 1511 definiendum
1102 1471 1183 1522 est,
1227 1472 1357 1524 quibus
1405 1471 1545 1512 casibus

221 1546 360 1587 corpus
393 1541 547 1573 motum
580 1532 855 1586 progreffiiium
890 1533 1119 1588 impressum
1157 1547 1274 1588 vsque
1292 1536 1338 1576 ad
1365 1537 1540 1589 quietem

223 1598 446 1638 conseruare
495 1606 639 1650 queat,
683 1597 889 1651 quibusque
927 1598 1065 1639 casibus
1109 1597 1235 1638 frictio
1269 1612 1407 1653 corpus
1440 1600 1542 1640 circa

224 1663 263 1702 A
299 1661 509 1701 subuertere
542 1659 699 1712 valeat3
736 1660 811 1700 hoc
845 1662 949 1701 enim
987 1663 1069 1702 casu
1090 1671 1220 1702 motus
1247 1663 1436 1704 resultaret
1455 1676 1540 1717 per-

223 1738 339 1780 quam
381 1723 602 1777 irregularis.
677 1723 870 1766 Ponamus
903 1738 996 1779 ergo
1029 1726 1247 1766 frictionem
1279 1727 1462 1768 sufficicre
1495 1726 1542 1768 ad

222 1801 360 1841 corpus
401 1788 717 1841 prosternendum
747 1819 758 1839 ,
801 1799 915 1843 atque
959 1802 1097 1844 corpus
1139 1793 1214 1830 iam
1258 1791 1433 1844 procliue
1465 1789 1543 1832 effe

224 1853 272 1893 ad
305 1851 477 1905 lapsum:
516 1851 592 1892 hoc
624 1853 736 1905 igitur
766 1852 848 1893 casu
880 1866 1018 1907 corpus
1050 1855 1090 1893 in
1125 1853 1199 1895 (ola
1231 1856 1473 1896 extremitate
1502 1856 1542 1896 A

225 1916 343 1969 plano
378 1917 558 1955 innitetur
579 1948 589 1967 ,
625 1928 712 1956 cum
746 1915 891 1970 reliqua
926 1917 1016 1959 basis
1051 1931 1137 1972 pars
1169 1919 1248 1958 iam
1284 1920 1440 1973 incipiat
1466 1918 1539 1959 ele-

227 1979 339 2028 vari,
370 1988 411 2017 ct
444 1980 542 2019 circa
577 1979 617 2019 A
651 1981 838 2020 conuerti.
911 1980 958 2022 In
1000 1981 1074 2023 hoc
1116 1983 1231 2035 igitur
1271 1983 1365 2024 sttu
1405 1995 1544 2036 corpus

226 2051 352 2081 totam
389 2042 618 2094 pressionem
652 2043 693 2082 in
728 2043 809 2083 solo
843 2045 992 2098 puncto
1026 2047 1065 2086 A
1085 2056 1216 2086 exeret
1237 2079 1247 2098 ,
1282 2057 1321 2087 et
1339 2048 1424 2101 quia
1442 2047 1539 2099 pres-

227 2105 282 2146 sio
323 2105 483 2157 aequalis
524 2104 576 2146 est
617 2107 778 2161 ponderi
811 2111 1013 2164 corporis,
1048 2111 1151 2166 quod
1182 2124 1374 2165 ponamus
1404 2122 1460 2149 z
1480 2109 1509 2148 P
1528 2141 1539 2160 ‚

288 2168 386 2210 Tom.
412 2167 533 2210 XIII.
828 2169 868 2214 G
899 2187 925 2228 g
1454 2173 1539 2228 pla-
