2044 2735
189 115 370 157 SJ'PER
410 112 599 158 PLANO
636 110 1040 157 HORIZONTALI
1072 111 1295 158 ASPERO
1419 123 1510 163 223

192 233 263 273 tari
298 234 441 287 nequit.
507 233 563 272 At
599 244 696 272 vero
733 234 816 273 axis
850 233 1016 286 pluribus
1049 232 1325 273 mutationibus
1356 232 1406 272 cst
1441 233 1513 273 ob·

193 298 333 337 noxius
354 331 362 346 ,
396 298 462 337 uili
498 299 535 336 iu
568 298 709 336 codem
753 297 818 337 situ
852 296 938 336 fixo
972 297 1189 337 retineatur.
1260 296 1435 337 Primum
1472 310 1515 337 e-

193 363 272 400 nim
310 375 348 400 m
368 372 419 400 >ru
458 361 689 413 progi'elliuo
721 373 942 414 quocunque
971 361 1122 400 moneri
1151 360 1306 413 potest,
1342 374 1385 400 ac
1403 362 1514 400 dein-

193 425 239 464 de
268 426 382 464 cti'im
420 424 494 478 ipse
531 436 639 464 motu
663 426 849 463 rotatorio
884 424 969 473 ferri
1010 424 1150 476 potest,
1185 437 1235 462 ex
1267 437 1345 478 quo
1379 437 1511 465 motus

194 492 371 540 corporis
413 489 654 543 summopere
690 487 924 540 perturbatus
957 489 1078 526 enasci
1114 488 1277 526 videtur.
1346 487 1512 528 Interim

193 561 324 591 tamen
360 553 545 592 eiusmodi
579 562 706 592 morus
738 551 978 605 quantumuis
1009 550 1263 603 complicatus
1283 551 1431 604 semper
1451 564 1515 591 re-

193 615 284 655 solui
318 616 442 668 potest
475 616 513 654 in
551 623 704 655 motum
742 613 1050 667 progressiuum,
1093 624 1130 653 ct
1170 624 1324 654 motum
1365 624 1516 655 rorato-

193 680 294 719 rium
336 680 433 718 circa
467 679 687 731 quempiam
724 691 837 717 axem
874 677 1012 728 fixum,
1048 677 1177 718 laltem
1220 691 1294 732 pro
1328 680 1517 733 temporis

194 742 396 782 interuallo
430 742 622 782 minimo:
658 740 741 781 fieri
774 743 883 783 enim
920 743 1052 795 vtique
1087 743 1209 795 potest
1244 752 1287 782 vt
1321 743 1396 783 alio
1417 753 1514 784 tem·

193 818 291 860 pore
332 806 476 846 rotatio
521 806 620 846 circa
661 806 778 846 alium
821 819 939 847 axem
981 805 1201 846 abloluatur.
1267 805 1339 847 Ista
1381 818 1514 848 autem

193 869 378 911 resolutio
429 868 596 923 pluribus
644 870 771 910 modis
809 870 953 910 institui
996 870 1153 923 potest,
1195 871 1287 910 licet
1329 872 1435 911 enim
1476 871 1516 911 in

194 933 383 974 eiusmodi
417 943 530 974 motu
559 935 765 988 concipere
798 944 955 974 motum
992 933 1265 986 progreffiiium
1306 947 1519 988 quemcun-

194 1009 296 1053 que,
332 1009 375 1037 ac
407 1007 600 1051 praeterea
630 1007 782 1038 motum
817 1002 916 1038 circa
949 998 1168 1052 quempiam
1211 1011 1325 1038 axem
1361 998 1485 1038 fixum
1507 1031 1518 1051 ‚

194 1062 259 1115 qui
289 1061 368 1102 duo
403 1071 532 1102 motus
564 1060 672 1102 illum
708 1062 830 1114 ipsum
851 1072 1005 1102 motum
1029 1095 1038 1111 ,
1074 1062 1137 1115 qui
1173 1063 1211 1101 in
1233 1075 1400 1116 corpore
1429 1062 1515 1103 astu

196 1125 314 1175 inest,
346 1124 640 1178 repraesentent.
707 1126 836 1180 Quare
870 1138 958 1165 cnm
995 1125 1089 1164 haec
1123 1126 1306 1165 resolutio
1340 1127 1522 1166 innume-

195 1189 244 1229 ris
286 1189 416 1228 modis
459 1200 533 1241 pro
577 1189 737 1229 arbitrio
780 1189 920 1229 institui
955 1199 1099 1242 queat,
1136 1189 1342 1242 diligenter
1377 1202 1519 1229 cauen-

196 1252 292 1292 dum
327 1251 382 1292 est
404 1285 414 1303 ,
449 1264 498 1291 ne
530 1252 802 1292 resolutionem
847 1263 999 1306 practer
1031 1253 1221 1292 rationem
1256 1253 1520 1305 instituamus,

197 1315 258 1356 sed
293 1316 367 1366 ita,
405 1325 450 1355 vt
484 1328 596 1356 verus
630 1327 759 1357 motus
795 1329 873 1356 non
910 1316 1030 1356 solum
1065 1315 1210 1356 facilius
1244 1318 1423 1370 percipi,
1457 1317 1518 1358 sed

198 1381 317 1419 etiam
353 1379 397 1420 ad
435 1391 613 1421 norimm
649 1380 781 1434 legum
813 1380 1058 1421 mechanicae
1092 1381 1246 1421 trust-ari
1281 1392 1394 1435 atque
1426 1393 1521 1422 exa-

199 1444 340 1485 minari
373 1453 496 1497 queat.

318 1508 352 1556 §.
384 1511 426 1546 6.
463 1508 653 1549 Ponamus
696 1508 811 1561 igitur
860 1520 937 1562 quo
972 1508 1137 1562 penitius
1177 1517 1349 1549 naturam
1391 1519 1521 1549 motus

198 1572 378 1612 rotatorii
416 1571 713 1625 introspiciamus
730 1605 740 1623 ,
775 1584 913 1625 corpus
933 1572 1089 1626 aliquod
1109 1573 1211 1612 circa
1232 1585 1349 1612 axem
1384 1586 1523 1627 quem-

201 1648 351 1689 cunque
371 1669 381 1687 ,
417 1637 476 1675 cui
513 1636 676 1677 firmiter
719 1637 762 1677 sit
795 1636 991 1690 alligatum
1015 1671 1026 1689 ,
1060 1636 1215 1690 gyrari:
1251 1647 1362 1690 atque
1395 1637 1522 1677 mani-

200 1698 333 1740 festum
374 1700 426 1740 est
468 1701 626 1753 singulas
669 1701 844 1754 corporis
889 1712 1042 1754 partes,
1085 1701 1171 1754 quia
1214 1701 1253 1740 iu
1288 1701 1399 1741 lineis
1438 1713 1520 1740 nou

200 1764 314 1804 restis
354 1765 414 1804 sed
456 1765 696 1804 circularibus
738 1775 976 1816 mouentur,
1012 1767 1051 1805 vi
1084 1764 1145 1804 sua
1177 1765 1334 1818 propria
1368 1766 1407 1805 in
1441 1765 1520 1805 hoe

202 1837 313 1868 motu
344 1840 572 1882 permanere
609 1841 688 1869 non
724 1828 866 1884 poffe3
911 1830 972 1870 sed
1005 1829 1096 1870 dum
1132 1839 1318 1869 conantur
1351 1830 1389 1869 in
1421 1830 1522 1870 dire-

204 1890 312 1931 «stum
347 1894 556 1946 progredi,
592 1894 676 1933 vim
711 1906 896 1934 exercere
931 1895 976 1933 ab
1006 1905 1081 1933 axe
1117 1893 1349 1946 recedendi,
1386 1894 1424 1933 iu
1445 1904 1524 1947 quo

204 1954 266 1993 vis
315 1955 518 2010 ceutrifuga
565 1957 742 1998 confiuit.
829 1959 1074 1999 Hamobrem
1130 1955 1279 1997 necesse
1341 1958 1394 1998 est
1423 1990 1433 2008 ,
1478 1966 1523 1996 vt

205 2016 369 2069 singulae
403 2021 575 2073 corporis
607 2034 733 2074 partes
766 2034 867 2062 tanta
902 2024 942 2062 vi
973 2035 1062 2062 curn
1096 2035 1171 2062 axe
1205 2021 1277 2061 sint
1309 2032 1524 2071 connexae,

208 2089 254 2121 vt
297 2082 354 2122 vis
395 2083 602 2137 centrifuga
643 2087 738 2128 istud
781 2087 977 2128 vinculum
1026 2087 1197 2141 superare
1246 2098 1325 2125 non
1360 2084 1520 2135 valcatz,

1498 2145 1526 2190 fi
