2044 2735
561 131 649 170 266
1065 118 1302 182 0330&sp

686 239 1754 374 ORBITARVMDZPPARENTHS.

1153 454 1274 485 Auctore

1083 530 1136 573 G.
1171 531 1332 589 Heirfio.

1195 671 1236 700 1.

354 774 434 816 Tab-
467 762 830 879 VlI.Praecipuus
860 772 1129 815 Astronomiae
1172 771 1254 812 finis
1287 784 1336 812 eo
1368 771 1522 823 tendit,
1559 781 1605 812 vt
1637 783 1717 812 non
1749 772 1870 815 solum

669 838 934 891 phaenomena
970 836 1144 878 coelestia
1185 835 1359 890 legitime
1400 836 1615 889 explicari,
1657 836 1719 875 sed
1754 837 1871 878 etiam

558 902 725 954 praedici
768 911 922 955 queant.
988 900 1252 955 Apparentiae
1293 899 1498 939 orbitarum
1520 931 1530 950 ,
1571 911 1662 953 quas
1709 912 1872 952 corpora

558 965 735 1005 coelestia
766 965 1004 1016 describunt,
1045 963 1109 1003 vel
1138 963 1258 1004 etiam
1291 961 1519 1003 circulorum
1540 995 1551 1014 ,
1582 975 1677 1016 quos
1712 964 1753 1002 in
1789 963 1874 1015 glo·

561 1025 620 1066 bis
660 1028 897 1081 planetarum
939 1027 1072 1068 ductos
1118 1027 1339 1080 concipiunt
1380 1025 1607 1066 Astronomi
1628 1059 1638 1076 ,
1674 1038 1753 1065 non
1787 1025 1871 1065 infi-

561 1101 672 1130 mum
712 1091 843 1132 locum
882 1092 983 1130 inter
1023 1101 1066 1129 ea
1101 1099 1315 1142 occupant,
1357 1100 1452 1142 quae
1485 1089 1717 1141 praediCtum
1752 1087 1872 1128 finem

560 1154 751 1193 eximium
791 1154 830 1193 in
862 1153 1024 1194 modum
1066 1161 1316 1206 promouent.
1382 1151 1461 1205 Qui
1504 1152 1738 1204 apparentias
1772 1151 1875 1190 orbi-

558 1225 682 1256 tarum
715 1217 918 1257 satellitum
949 1215 1052 1257 Iouis
1082 1214 1149 1255 vel
1180 1213 1328 1256 Saturni
1361 1215 1408 1254 ad
1438 1213 1570 1254 datum
1601 1214 1757 1267 quoduis
1776 1224 1875 1254 tem-

560 1291 632 1334 pus
663 1280 915 1321 determinare
954 1279 1088 1331 valet,
1120 1277 1174 1318 illi
1206 1290 1339 1331 pamm
1373 1277 1518 1330 negotii
1557 1275 1706 1316 saceffet
1738 1276 1874 1318 defini-

560 1344 619 1384 tio
652 1343 1011 1398 phaenomcnorum
1044 1341 1145 1383 hisce
1178 1340 1405 1382 Satellitibus
1435 1340 1659 1381 solennium.
1727 1337 1873 1394 Cogni-

557 1415 596 1446 ta
638 1407 684 1446 ad
725 1407 883 1460 quoduis
916 1416 1068 1459 tempus
1107 1405 1332 1458 Aequatoris
1364 1403 1464 1446 Solis
1496 1405 1534 1443 in
1567 1404 1644 1443 eius
1681 1404 1779 1444 disco
1806 1417 1871 1458 ap-

559 1469 745 1522 paritione
765 1501 776 1521 ‚
812 1469 959 1509 theoria
1000 1467 1232 1508 macularum
1266 1465 1456 1508 Solarium
1491 1479 1664 1507 maxima
1697 1479 1749 1507 ex
1786 1480 1872 1520 par-

561 1541 601 1572 te
635 1541 726 1572 nota
760 1534 841 1573 erit.
910 1531 1044 1572 Motus
1084 1530 1214 1571 Lunae
1246 1530 1427 1572 libratorii
1460 1530 1671 1583 explicatio
1703 1530 1870 1571 multum

560 1595 776 1647 iuuabitur,
828 1596 855 1636 fi
897 1595 943 1636 ad
984 1594 1141 1648 quoduis
1189 1603 1338 1647 tempus
1387 1594 1609 1647 apparentia
1659 1595 1872 1646 aeqiiatoris

562 1658 696 1699 Lunae
731 1660 769 1698 in
804 1660 884 1699 eius
915 1657 1017 1698 disco
1060 1658 1220 1708 sciatur,
1259 1655 1437 1697 concesso
1470 1657 1651 1695 nimirum
1686 1655 1770 1695 huic
1791 1656 1871 1708 pla-

563 1731 672 1761 netae
711 1722 908 1774 vertiginis
948 1730 1069 1760 motu.
1137 1720 1269 1759 Taceo
1301 1720 1557 1772 apparentiam
1591 1728 1717 1758 motus
1750 1720 1871 1758 verti-

562 1785 659 1837 ginis
693 1784 731 1823 in
766 1784 919 1838 reliquis
953 1783 1140 1836 planetiS,
1173 1783 1431 1835 apparentiam
1467 1780 1731 1833 hemisphaerii
1751 1792 1868 1822 terrae

560 1859 584 1887 e
615 1846 723 1887 Luna
765 1847 833 1887 visi
876 1857 1053 1900 tempore
1093 1845 1252 1898 Eclipsis
1293 1843 1465 1895 Sol-aris,
1500 1846 1760 1897 apparentiam
1804 1858 1869 1885 an-

561 1910 640 1950 nuli
674 1908 821 1950 Saturni
857 1920 927 1951 etc.
951 1944 961 1962 ,
993 1922 1152 1962 quarum
1187 1907 1485 1961 explicationem
1520 1908 1768 1948 Astronomia
1787 1921 1866 1950 non

558 1972 681 2014 solum
718 1974 867 2027 poscit,
903 1973 961 2014 sed
1000 1973 1040 2014 in
1072 1972 1343 2030 promouendis
1375 1974 1493 2014 etiam
1528 1971 1668 2014 theosis
1702 1970 1866 2015 successu

559 2046 749 2093 exoptato
781 2037 946 2081 adhibet.
1608 2040 1611 2043 ’
