2044 2735
207 135 684 180 OBSERVATIONES
717 133 1247 182 METEOROLOGICAE
1288 145 1358 182 etc.
1435 148 1523 190 377

333 255 366 302 §¹
391 270 431 306 4.
469 254 595 297 Prima
629 255 846 308 congelatio
885 255 982 296 Ειᾶιι
1027 256 1079 296 cst
1113 256 1188 296 hoc
1223 268 1325 296 anno
1357 256 1417 296 die
1454 260 1526 296 16.

209 316 452 371 Septembri.
476 351 486 369 ,
521 330 640 371 caque
675 320 887 358 minei-iulis
907 351 916 368 ,
958 328 999 358 ct
1029 320 1165 360 dumns
1197 320 1242 359 ad
1273 320 1412 360 horam
1449 328 1527 371 9am

210 382 442 422 matutinam
478 381 590 435 Vsque
610 415 619 433 ,
652 395 728 435 quo
761 383 822 422 dic
856 383 1030 422 serenitas
1063 383 1229 435 perfeeta
1261 394 1353 423 erat.

334 446 366 493 §⁴
397 457 434 494 5.
473 445 696 486 Maximum
742 445 855 498 frigus
897 445 1004 485 huius
1046 447 1135 486 anni
1177 448 1312 487 Incidit
1352 447 1389 486 iu
1423 446 1528 488 diem

221 515 275 550 28
331 508 561 550 Decembris
582 541 591 558 ,
642 521 720 561 quo
766 510 802 547 in
841 508 1039 548 strenirtate
1081 509 1244 560 perfec'ta
1265 542 1275 561 ,
1318 509 1415 549 hor-‚1
1461 516 1529 550 gua

213 574 403 613 matutina
445 571 797 612 Thermmnetmm
842 571 1205 612 Fahreuheitianum
1252 573 1444 612 descendit
1482 571 1531 612 ad

217 639 290 675 16.
325 636 456 690 gradus
489 635 581 673 iufra
615 646 640 672 0
664 666 674 685 ,
703 633 875 686 spirante
903 635 982 674 leui
1014 632 1138 674 Borea
1157 668 1167 687 ‚
1201 645 1239 675 et
1272 635 1532 675 Instrumento

214 701 343 739 loc-‚ito
378 701 415 738 in
450 700 536 737 a'e're
576 698 726 748 libero,
756 710 886 751 prope
927 699 1115 751 parietem
1149 699 1304 740 aedium
1339 711 1529 739 mearum.

216 763 349 816 frigus
385 771 560 815 paeterca
594 761 725 815 paullo
757 763 884 802 minus
914 774 1003 802 acre
1033 773 1188 815 experti
1222 764 1345 804 smnus
1370 762 1446 803 hoc
1464 774 1531 801 an-

215 840 269 867 no
304 826 431 866 diebus
464 825 626 865 Ianuarii
663 839 700 864 1.
725 837 764 863 2.
790 839 812 875 3
855 832 896 868 8.
917 839 958 875 9.
984 829 1055 864 16.
1083 836 1150 874 17.
1175 837 1247 873 23.
1269 839 1341 877 24.
1366 839 1436 876 29.
1460 825 1533 867 Fe-

215 890 357 931 bruarii
395 897 465 931 18.
493 902 562 938 19.
585 901 658 928 2ο.
681 888 920 930 Nouembris
946 900 1021 938 25.
1045 887 1274 930 Decembris
1299 899 1337 939 ς.
1362 900 1435 937 23.
1459 902 1531 939 24.

220 966 296 1003 εις.
320 956 388 992 26.
415 963 484 1000 27.
511 965 581 1002 29.
606 963 678 1000 30.
702 962 773 999 31.
811 954 873 1006 qui
906 965 1042 993 omnes
1074 953 1156 994 dies
1188 953 1533 994 Thermometrum

219 1018 345 1059 modo
377 1017 524 1057 dictum
558 1016 604 1056 ad
636 1016 846 1056 minimum
881 1017 919 1056 in
954 1017 1069 1070 gradu
1110 1029 1137 1056 0
1172 1015 1391 1071 depreffum
1424 1026 1535 1057 tenu-

220 1091 343 1123 erunt.
411 1080 542 1122 Nocte
585 1080 685 1120 inter
731 1090 800 1126 18·
833 1089 875 1119 et
914 1093 981 1130 19.
1031 1081 1224 1122 Februarii
1273 1081 1537 1122 intercedente

215 1145 269 1185 nd
300 1145 508 1185 minimum
541 1143 691 1196 singulis
721 1143 841 1183 horae
871 1144 1137 1197 quadrantibus
1168 1156 1291 1186 vnum
1324 1143 1403 1198 ipse
1430 1144 1538 1186 audi-

219 1209 264 1248 vi
294 1209 457 1248 sonitum
492 1207 660 1248 trabium
681 1239 692 1258 ,
733 1207 884 1248 aedibus
920 1218 1071 1248 caetera
1109 1207 1298 1262 lapideis,
1338 1207 1537 1249 instructa·

213 1285 311 1312 rum
351 1284 373 1311 a
414 1270 552 1325 frigore
594 1273 833 1324 crepantium
855 1302 866 1321 ,
903 1272 955 1311 ad
985 1271 1148 1312 modum
1181 1271 1340 1326 sclopeti
1374 1271 1537 1325 explofi.

222 1336 359 1377 Mense
387 1335 506 1375 etiam
542 1334 715 1388 Augusto
734 1367 744 1386 ‚
777 1333 926 1388 eiusque
954 1335 1020 1375 die
1053 1347 1124 1374 21.
1151 1335 1298 1389 glacies
1313 1334 1397 1376 satis
1427 1334 1538 1376 densst

223 1401 272 1440 ab
315 1399 520 1439 hortulanis
557 1398 635 1439 fide
676 1398 796 1451 dignis
834 1399 1026 1439 obseruata
1078 1399 1178 1449 fuit,
1216 1399 1366 1440 summo
1404 1410 1535 1439 mane.

223 1462 410 1503 Calorem
443 1462 576 1502 aestati
609 1462 780 1502 debitum
815 1473 895 1502 non
927 1462 1103 1503 sensimus
1135 1462 1203 1503 nisi
1223 1463 1307 1517 post
1327 1461 1536 1516 18.1unii;

225 1538 264 1567 et
298 1527 466 1567 eiusdem
506 1526 642 1566 mensis
682 1526 742 1565 die
779 1539 828 1566 21
869 1525 1216 1567 Thermometrum
1253 1525 1539 1567 Fahrenheitia-

226 1604 319 1631 num
356 1591 477 1630 libero
512 1589 578 1630 soli
609 1588 829 1642 expositum
862 1589 958 1630 hora
993 1600 1014 1637 3
1053 1589 1138 1643 post
1170 1590 1376 1631 meridiem
1410 1589 1540 1630 osten-

221 1655 280 1695 dit
312 1654 445 1708 gmdus
481 1665 565 1693 100
587 1686 598 1705 ,
633 1653 858 1706 quandoque
891 1654 1009 1694 etiam
1051 1664 1132 1701 103
1160 1666 1171 1705 3
1207 1654 1285 1694 Iole
1317 1666 1413 1694 vero
1432 1652 1541 1707 paul-

228 1719 305 1759 lum
342 1718 500 1758 nubibus
533 1717 690 1757 obtecto
720 1716 845 1757 statim
888 1730 957 1770 per
996 1728 1017 1767 5
1056 1727 1120 1757 aut
1152 1717 1280 1771 plures
1309 1715 1540 1770 gradustdes-

227 1782 368 1823 cendit.

339 1846 379 1894 ξ,
404 1848 446 1885 6.
479 1844 533 1884 Vt
563 1853 691 1884 autern
727 1842 860 1896 gradus
891 1840 1038 1897 frigoris
1073 1854 1186 1899 atque
1214 1844 1346 1885 caloris
1378 1845 1476 1885 ae'n's
1495 1844 1540 1884 li·
1601 1885 1604 1888 ,

229 1908 308 1948 beri
342 1921 410 1962 per
440 1918 566 1948 totum
601 1919 742 1947 annum
777 1906 880 1948 hunc
912 1920 962 1947 co
985 1909 1122 1949 melius
1154 1910 1341 1962 patescant
1362 1939 1373 1958 ‚
1407 1907 1538 1948 adscri-

231 1971 320 2011 bam
353 1984 421 2011 eos
441 2002 452 2020 ,
495 1970 621 2024 quales
654 1970 845 2010 obseruaui
871 1972 915 2011 in
950 1972 1260 2013 Thermometro
1301 1984 1322 2010 a
1365 1969 1427 2010 Cl.
1459 1971 1543 2010 De·

233 2034 313 2074 lisle
366 2034 427 2075 hic
475 2034 551 2073 loci
603 2034 833 2074 introducto.
900 2034 1059 2077 Dabunt
1109 2037 1208 2090 gitur
1252 2035 1397 2075 menses
1433 2032 1542 2074 huius

231 2110 331 2137 anm.

296 2162 402 2203 Tom.
438 2159 560 2202 XIII.
836 2159 870 2200 B
889 2160 913 2200 b
930 2160 955 2202 b
1407 2170 1538 2210 ¹741·
