2044 2735
439 113 526 162 DE
561 112 911 164 ORBI‘I'ARVM
953 112 1344 163 APPARENTHS.
1476 119 1570 175 283'

229 232 339 276 casus
370 235 481 290 prior
500 269 511 288 ,
546 249 624 292 quo
668 236 826 290 planum
860 235 1010 277 orbitae
1041 249 1130 279 cum
1170 237 1288 291 plano
1321 236 1425 278 oculi
1458 239 1567 282 coin·

239 300 347 339 cidit.
412 299 602 341 Posterior
635 311 732 340 vero
764 299 862 340 casus
893 301 1094 353 prodibit,
1125 301 1154 341 fi
1187 311 1437 354 aequatorem
1472 302 1564 344 sola-

240 374 327 402 rem
370 363 432 403 vel
472 364 654 404 circulum
693 363 869 416 quemuis
909 366 1131 405 maximum
1173 364 1279 417 globi
1312 366 1465 417 solaris,
1498 368 1565 421 qui

238 425 417 480 ecliptica
450 427 527 467 eius
559 439 639 467 non
671 426 724 466 est
743 458 755 477 ,
787 437 863 479 pro
895 427 1019 467 orbita
1052 426 1312 481 assumamus,
1348 430 1413 469 vel
1445 430 1472 470 si
1498 441 1561 472 or-

239 488 333 530 bitas
367 490 608 543 planetarum
643 490 914 543 primariorum
935 521 946 541 ,
980 502 1146 544 quorum
1179 499 1354 531 centrum
1386 492 1440 532 est
1476 493 1530 533 sol
1551 527 1563 546 ,

237 564 311 606 pro
345 553 494 594 circulis
526 553 663 593 habere
694 561 733 591 et
765 564 894 592 earum
929 554 1169 607 apparentias
1205 553 1428 606 inuestigare
1462 556 1562 595 veli-

239 627 338 658 mus.
405 617 609 669 Fingamus
639 615 796 655 oculum
832 614 996 656 existere
1037 616 1078 656 in
1113 626 1251 656 centro
1284 616 1394 657 lunae
1416 651 1427 671 ,
1460 627 1559 659 terra

236 690 333 719 vero
374 681 542 719 immota
583 678 776 734 habeatur.
842 678 933 719 Hoc
975 680 1098 721 modo
1136 681 1262 721 orbita
1303 680 1415 722 lunae
1457 694 1559 723 nunc

236 740 303 783 fiet
336 743 466 783 semita
501 741 630 793 oculi,
664 750 703 782 et
736 741 897 795 planum
940 742 1087 784 orbitae
1126 742 1239 786 lunae
1281 744 1354 784 erit
1397 744 1556 799 planum

233 806 348 847 oculi.
415 804 457 846 Si
493 807 607 859 igitur
637 805 823 846 circulum
844 838 855 858 ,
889 806 932 846 in
965 819 1042 860 quo
1073 806 1231 861 planum
1267 808 1415 848 orbitae
1446 808 1558 850 luna-

231 870 283 909 ris
315 869 474 923 globum
510 879 629 909 terrae
659 869 756 909 secat
772 901 784 921 ,
819 881 893 922 pro
922 871 1047 911 orbita
1077 871 1266 912 sumamus
1284 903 1295 921 ,
1329 872 1470 912 redibit
1494 884 1556 913 ca-

230 933 287 972 sus
328 934 437 986 prior
476 928 562 981 §phi‚
611 943 702 985 223
749 932 941 986 posterior
989 946 1084 974 vero
1123 934 1223 975 casus
1264 933 1492 987 habebitur,
1526 936 1555 977 fi

230 1007 478 1050 aequatorem
512 1006 658 1048 terme,
686 995 933 1050 eclipticam,
958 998 1220 1039 meredianum
1241 998 1307 1039 vel
1321 999 1496 1052 quemuis
1512 1011 1553 1038 a-

229 1060 328 1099 lium
362 1061 548 1101 circulum
584 1070 706 1100 terrae
739 1061 957 1100 maximum
977 1093 987 1112 ,
1028 1062 1090 1114 qui
1125 1062 1165 1102 in
1199 1061 1359 1116 planum
1404 1062 1552 1104 orbitae

229 1122 368 1163 lunaris
402 1136 481 1165 non
514 1123 679 1172 incidit,
712 1122 826 1163 instar
857 1123 1005 1164 orbitae
1037 1124 1332 1166 consideremus.

347 1199 419 1238 24.
465 1185 523 1226 Sit
564 1186 694 1226 oculus
734 1186 773 1225 in
812 1184 839 1226 S
881 1187 1101 1239 immotus,
1134 1187 1256 1229 orbita
1291 1186 1416 1231 MLG
1450 1186 1749 1230 veroTab·V111·

229 1261 432 1291 moneatur
479 1251 578 1290 circa
628 1248 788 1290 oculum
837 1250 877 1290 in
911 1249 1029 1304 plano
1064 1250 1107 1292 N
1127 1251 1220 1292 inI
1269 1265 1342 1306 per
1392 1253 1545 1295 oculum
1580 1244 1631 1291 fig·
1659 1254 1692 1285 9·

230 1314 441 1354 transeunte
462 1345 473 1365 ,
518 1315 557 1353 in
591 1326 667 1367 qno
699 1323 874 1354 centrum
918 1313 1061 1354 orbitae
1094 1314 1136 1356 N
1171 1324 1284 1355 motu
1318 1316 1383 1356 suo
1414 1316 1548 1358 descri-

229 1377 292 1417 bat
335 1390 486 1418 curnam
528 1378 699 1430 quamuis
738 1376 907 1419 NinI.
973 1375 1141 1419 Curuam
1186 1377 1286 1419 hanc
1327 1380 1550 1421 vocabimus

218 1437 388 1495 fiwzitam
422 1441 596 1493 orbitae,
641 1440 796 1494 planum
829 1453 925 1481 vero
965 1440 1007 1482 N
1028 1443 1041 1482 i
1059 1441 1120 1483 nI
1143 1472 1155 1493 ,
1188 1443 1228 1483 in
1262 1455 1340 1496 qno
1371 1453 1551 1484 centrum

227 1505 373 1544 orbitae
409 1515 562 1544 motum
598 1504 703 1544 suum
738 1505 885 1557 peragit
904 1536 915 1555 ,
943 1503 1095 1558 planum
1121 1508 1349 1559 primarium
1366 1507 1552 1548 dicemus.

227 1568 301 1608 Hic
335 1567 482 1621 duplex
516 1568 649 1608 iterum
693 1569 859 1607 occurrit
890 1567 989 1608 castis
1031 1569 1178 1609 ratione
1212 1570 1412 1623 positionis
1446 1569 1553 1622 plani

223 1631 371 1670 orbitae
423 1630 588 1683 respectu
625 1631 725 1683 plani
775 1631 976 1683 primarii,
1027 1631 1092 1671 vel
1141 1634 1247 1674 enim
1287 1633 1446 1686 planum
1481 1645 1548 1673 or-

225 1694 321 1733 bitae
356 1707 445 1733 cum
484 1695 670 1746 primario
711 1694 891 1733 coincidit
911 1726 920 1744 ,
953 1693 1017 1733 vel
1060 1695 1107 1735 ad
1139 1695 1217 1736 hoc
1248 1696 1543 1749 quomodocun-

223 1769 296 1808 que
336 1757 549 1797 inclinatur.
617 1757 661 1796 ln
707 1758 825 1809 priori
867 1756 949 1797 calu
982 1758 1136 1809 orbita,
1173 1760 1390 1813 Vbicunque
1421 1771 1539 1812 pona-

222 1829 312 1870 tur,
363 1821 473 1860 instar
525 1821 647 1860 rectae
690 1821 910 1872 apparebit,
959 1833 1051 1860 cum
1084 1821 1243 1874 planum
1279 1823 1359 1863 eius
1395 1823 1537 1876 produ-

219 1882 325 1921 [ωσι
377 1883 525 1935 semper
576 1897 642 1936 per
690 1883 844 1924 oculum
894 1884 1064 1924 transeat.
1148 1885 1193 1926 In
1246 1887 1327 1926 casu
1378 1886 1539 1938 posteri-

221 1946 278 1983 ori
323 1946 470 1996 plan-im
519 1948 662 1986 orbitae
714 1959 821 1987 certo
871 1948 994 1988 modo
1025 1949 1157 1988 secabit
1200 1949 1359 2002 planum
1395 1951 1540 2002 prima-

222 2009 321 2045 rium
359 2039 369 2056 ,
427 2021 514 2047 cnm
586 2011 630 2049 ad
690 2008 766 2049 hoc
827 2011 1046 2052 inclinatum
1124 2012 1168 2052 sit
1206 2027 1216 2065 ·,
1268 2013 1370 2052 vnde
1422 2012 1546 2050 variae

225 2071 402 2110 notiones
445 2072 613 2124 iterum,
658 2082 703 2112 vt
746 2074 783 2112 in
829 2075 860 2120 ξ.
886 2087 975 2128 22,
1028 2076 1187 2117 formari
1228 2076 1398 2125 debent,
1439 2083 1545 2112 ante·

787 2134 828 2176 N
848 2148 873 2175 n
895 2148 918 2174 2
1418 2147 1533 2189 quam
