2044 2735
475 140 562 184 ψ
995 122 1135 184 ›ig-i:
1168 134 1195 165 0
1229 116 1371 182 agga

474 244 585 303 DE
632 239 1050 300 DENSITAT
1059 240 1107 297 E
1173 231 1628 296 MIXTORVM
1669 234 1781 296 EX

517 328 801 373 METALLIS
835 329 909 371 ET
943 323 1370 370 SEMIMETALLIS
1402 320 1731 365 FACTORVM.

1052 435 1084 470 A
1090 436 1188 470 unore

967 519 1014 561 C.
1050 519 1099 561 E.
1134 517 1291 561 Gellert.

1079 638 1114 686 §.
1141 649 1179 676 1.

482 744 682 843 Institutis
712 743 989 798 experimentis
1021 742 1119 783 circa
1157 741 1376 782 densitatem
1409 741 1572 782 duorum
1613 736 1789 782 metallo·

557 823 641 851 rum
684 810 783 849 inter
834 806 870 848 se
911 807 1228 847 commixtorum
1248 837 1258 856 ,
1291 805 1486 858 dequibus
1517 804 1690 845 videatur
1722 802 1785 844 Cl.

484 874 655 916 Domini
695 871 845 913 Krafftii
888 870 1112 921 dissertatio,
1154 870 1304 920 insuper
1346 869 1510 908 metallis
1551 867 1791 909 semimetal-

485 939 521 979 la
555 937 732 978 admiscui
783 945 823 975 et
855 935 1078 974 mixtorum
1123 932 1310 985 quaedam
1362 931 1635 985 phaenomena
1678 943 1794 984 prae-

486 1002 628 1056 primis
661 998 887 1040 densitatem
922 996 1149 1048 obscriiaui3
1187 1007 1283 1048 quac
1316 995 1586 1048 experimenta
1619 995 1793 1034 recense·

486 1077 528 1105 re
548 1096 558 1115 ,
593 1062 865 1118 phaenomena
903 1069 1088 1101 annot-‚ire
1132 1068 1172 1098 et
1205 1058 1232 1099 si
1262 1068 1404 1112 potero
1447 1059 1644 1112 explicare
1677 1069 1794 1098 cona-

485 1127 568 1169 bor.

605 1191 640 1242 ξ,
663 1203 703 1230 2.
737 1187 909 1230 Metallis
957 1198 996 1228 et
1034 1184 1296 1227 semimetallis
1336 1195 1529 1240 vtciinque
1571 1185 1670 1239 puris
1712 1185 1796 1226 vsus

489 1253 594 1306 sum,
613 1254 859 1307 operationes
879 1284 890 1303 ,
924 1262 1109 1306 quantum
1136 1261 1208 1304 pro
1227 1261 1321 1289 meo
1339 1260 1519 1303 apparatu
1553 1248 1792 1302 suppellefti-

490 1317 592 1370 lique
631 1317 813 1369 cliymica
853 1315 939 1356 fieri
981 1314 1109 1368 potuit
1128 1345 1139 1365 ‚
1180 1322 1351 1352 accurate
1383 1313 1553 1365 institui3
1587 1313 1764 1365 quasdam
1785 1345 1795 1363 ,

491 1393 570 1435 quo
602 1393 669 1420 me
702 1382 911 1421 certiorem
945 1377 1149 1418 redderem
1184 1378 1389 1429 reiterans,
1422 1376 1469 1417 ad
1487 1387 1797 1430 vnamquzimque

491 1445 759 1497 oper-adonem
793 1456 893 1483 noua
926 1441 1139 1493 mundaque
1171 1439 1254 1479 vasa
1287 1438 1437 1479 adhibui
1477 1449 1516 1479 ct
1545 1439 1702 1479 sollicite
1734 1452 1795 1480 cu-

493 1508 572 1547 raui
606 1519 652 1546 iie
686 1507 775 1560 quid
816 1505 1007 1559 peregrini
1049 1504 1223 1543 mixtum
1265 1503 1553 1555 ingrederetur3
1596 1504 1797 1543 commix-

495 1571 644 1610 tionem
695 1569 964 1610 mechanicam
987 1595 998 1617 ‚
1054 1567 1117 1607 vbi
1160 1566 1295 1616 licuit,
1338 1565 1436 1605 haud
1478 1566 1664 1618 neglexi3
1708 1578 1796 1605 cum

494 1634 740 1686 colliquarcm
783 1633 936 1673 metalla
978 1629 1182 1671 difficulter
1223 1629 1376 1669 fluentia
1407 1642 1494 1669 cum
1530 1628 1797 1677 icininictallis,

494 1697 725 1751 superaddidi
766 1697 903 1749 aliquid
946 1695 1071 1734 tartari
1114 1702 1153 1732 et
1185 1693 1276 1731 vitri
1306 1692 1520 1732 communis
1554 1692 1600 1730 ad
1635 1692 1798 1731 nimium

495 1760 731 1814 dispendium
767 1759 996 1798 euitandum.
1067 1755 1388 1796 Ponderationem
1423 1754 1716 1806 liydrostaticam
1751 1753 1799 1794 ad

497 1824 694 1864 densitates
727 1822 980 1873 detegendas,
1010 1816 1070 1858 Cl.
1106 1817 1285 1857 Krafftius
1306 1850 1315 1868 ‚
1348 1827 1391 1856 vt
1427 1827 1519 1870 pote
1553 1818 1656 1858 cuius
1689 1829 1801 1857 curae

497 1887 740 1927 instrumenta
782 1884 933 1937 physica
966 1880 1167 1923 commissa
1209 1879 1318 1929 sinit,
1360 1881 1520 1933 benigne
1554 1883 1591 1921 iii
1626 1881 1659 1920 se
1690 1880 1798 1921 siisce-

500 1952 557 2004 pit
589 1960 626 1989 et
659 1962 732 2002 pro
759 1960 867 1988 more
901 1948 963 1987 suo
994 1943 1262 1986 accuratissime
1304 1944 1499 1995 confecit,
1541 1957 1652 1998 quam
1686 1944 1800 1985 bene-

499 2014 714 2054 volentiam
756 2022 795 2051 ct
831 2011 971 2064 reliqua
1013 2011 1049 2048 iii
1085 2021 1149 2049 me
1190 2007 1329 2047 collata
1370 2007 1555 2048 beneficia
1589 2009 1699 2047 omni
1731 2020 1803 2059 qua

501 2091 571 2131 par
604 2077 657 2116 cst
690 2075 924 2116 obseruantia
957 2073 1094 2126 animi,
1125 2071 1335 2114 reuerentia
1354 2081 1528 2128 grataque
1559 2082 1687 2112 mente
1709 2071 1806 2112 sem-

501 2153 570 2196 per
601 2139 813 2194 agnoscam.
1699 2134 1734 2182 §.
1758 2148 1801 2186 3.
