2044 2735
363 136 439 180 ET
474 132 982 180 CONTRACTIONEM
1018 135 1294 182 PI'PILLAE
1393 151 1486 193 359

172 255 226 294 cis
270 254 517 294 incidentium
540 286 550 304 ,
594 252 719 309 (quod
762 254 814 297 G.
862 254 1046 309 Bergerus
1081 257 1116 295 in
1152 257 1393 312 Pliysiologia
1427 259 1485 300 sua

172 316 268 370 Cap.
307 317 510 358 XXVIII.
547 318 632 371 Png.
671 331 777 369 4¹0·
814 320 974 360 verbulo
1004 318 1181 360 indicasse
1214 320 1386 376 videtur)
1419 336 1486 364 ac-

169 382 378 423 culimcris:
414 382 601 435 sequitur,
635 395 713 435 quo
748 383 872 423 maior
907 383 1062 422 luminis
1098 384 1275 436 claritas,
1310 397 1387 439 quo
1416 399 1486 426 co·

170 445 350 498 pioliores
384 446 504 495 radii,
540 458 587 485 eo
620 444 820 485 fortiorem
852 446 1004 485 illorum
1039 443 1115 485 effe
1135 447 1270 487 debere
1289 450 1483 490 actionem

170 519 207 548 et
233 508 552 548 sollicitationem.
618 509 674 548 At
716 521 810 548 vero
843 510 972 548 omnia
1013 510 1200 549 contraria
1234 514 1385 552 euenire
1417 525 1481 553 ex-

168 573 354 625 perientia
388 572 533 623 docet3
568 584 643 624 quo
677 571 832 611 debilius
863 584 966 611 ennn
993 571 1123 611 lumen
1159 572 1211 612 est
1231 607 1240 624 ‚
1274 587 1324 615 eo
1350 576 1483 617 fortior

168 636 316 676 illarum
357 633 535 674 fibmrum
580 635 708 685 aetio,
749 647 872 688 eoque
910 635 1077 688 amplior
1111 637 1279 690 pupillae
1310 639 1485 680 dilatatio

167 698 340 752 sequitur.
409 698 553 750 Accipe
586 707 626 736 ct
657 698 833 738 alterum.
872 698 1055 738 Vari-Ante
1084 698 1238 740 luminis
1266 701 1482 744 intenlitate

166 762 382 802 obl'eruatur
416 762 667 801 variationem
703 761 868 815 pupillae
901 775 991 802 cum
1027 763 1184 803 notabili
1215 763 1338 819 aliqua
1371 779 1482 808 mora

163 826 406 880 proceder03
443 838 522 864 non
556 837 652 865 vero
689 827 727 865 in
762 825 910 867 instanti
955 826 1019 866 vel
1055 838 1105 866 eo
1139 827 1220 879 ipso
1251 841 1481 883 momento,

165 901 243 942 quo
298 889 429 929 lumen
477 900 634 941 nugetur
677 889 740 929 vel
822 889 1033 941 minuitur,
1091 891 1195 943 quod
1251 901 1378 934 tamen
1429 896 1482 935 ita

165 952 248 992 fieri
291 953 474 1004 deberet,
517 952 543 991 fi
585 953 755 992 dilatatio
809 954 887 992 eius
928 966 947 992 ιι
989 954 1252 994 contractione
1296 955 1480 999 fibrarum

166 1011 432 1057 muscularium
482 1016 725 1069 dependeret.
796 1014 873 1057 Sed
925 1029 973 1055 ne
1013 1017 1172 1056 alteram
1216 1019 1480 1072 quaestionem

166 1082 332 1129 omnino
373 1080 554 1120 intactam
595 1081 840 1133 relinquam,
881 1080 1083 1133 aliqu-,ilem
1120 1081 1219 1121 illius
1253 1084 1484 1138 explicatio-

165 1157 257 1185 nem
301 1146 424 1198 paucis
467 1144 635 1184 tentabo.
705 1143 772 1183 lris
814 1145 1046 1196 protruditur
1097 1157 1277 1186 corneam
1324 1149 1481 1199 versus,

165 1208 314 1262 quando
358 1207 543 1261 posterior
584 1220 734 1248 camera
775 1207 978 1261 ampliatur
1019 1221 1091 1261 pro
1124 1211 1273 1249 maiore
1308 1211 1488 1251 humoris

165 1273 273 1325 aquei
308 1272 515 1326 quantitate
548 1272 795 1324 recipienda3
831 1273 1038 1311 retrocedit
1073 1282 1201 1313 :uitem
1236 1273 1330 1326 illa,
1364 1287 1485 1328 quan-

164 1336 215 1375 do
247 1349 297 1375 ex
332 1336 465 1375 endem
509 1347 661 1375 camera
696 1334 883 1387 :ingustata
920 1335 1063 1376 humor
1096 1350 1235 1390 aqueus
1269 1338 1308 1376 in
1343 1340 1479 1379 :interi-

164 1411 272 1439 orem
305 1399 527 1452 expellitur.
594 1397 751 1438 Certum
787 1399 869 1449 est,
915 1401 1036 1440 radios
1070 1400 1162 1440 lucis
1195 1401 1233 1439 in
1267 1413 1403 1442 cauum
1437 1415 1482 1443 o-

164 1463 235 1503 culi
268 1463 459 1503 illabentes
493 1463 673 1503 effecium
707 1463 869 1516 aliquem
904 1475 1060 1503 exerere
1095 1464 1131 1503 in
1167 1464 1262 1504 illius
1296 1464 1480 1507 humores

163 1536 202 1566 et
235 1528 388 1566 tunicas.
453 1523 638 1566 Concede
674 1527 783 1579 igitur
817 1526 915 1566 mihi
940 1558 950 1577 ,
987 1540 1056 1581 per
1097 1527 1329 1581 copiosiores
1356 1531 1482 1571 radios

164 1590 371 1631 humorem
415 1590 586 1630 vitreum
631 1591 692 1630 vel
732 1588 894 1629 rarefieri
919 1621 929 1639 ‚
976 1591 1040 1631 vel
1075 1592 1113 1630 in
1149 1591 1355 1644 posteriore
1398 1594 1481 1634 sede

162 1654 262 1694 bulbi
309 1654 549 1707 comprimi,
590 1664 629 1694 et
671 1667 745 1694 vna
779 1666 866 1693 cum
904 1654 1004 1693 lente
1046 1655 1259 1706 crystallina
1293 1658 1480 1698 anteriora

163 1718 288 1759 versus
326 1718 521 1772 propelli:
567 1719 605 1757 in
644 1728 802 1771 Vtroque
845 1717 925 1757 casu
956 1730 1105 1758 camera
1138 1719 1326 1772 posterior
1365 1734 1482 1775 ungu·

163 1782 251 1822 stior
271 1783 417 1825 ,euadet
438 1815 448 1834 ,
482 1782 626 1822 humor
661 1794 798 1834 aqueus
833 1782 870 1819 in
906 1794 1099 1822 cameram
1147 1783 1377 1825 anteriorem
1411 1797 1482 1839 pe-

163 1847 326 1886 netrabit
346 1878 356 1897 ,
392 1856 428 1885 et
461 1846 598 1886 iridem
633 1846 726 1885 lenti
759 1846 968 1898 apprimet.
1036 1847 1255 1888 Remittunt
1274 1858 1402 1888 autem
1423 1862 1481 1890 ra·

162 1908 214 1948 dii
256 1923 267 1962 3
320 1907 473 1949 cels-„ibit
524 1911 639 1949 etiam
691 1909 865 1949 humoris
916 1910 1028 1948 vitrei
1079 1910 1139 1949 τοι
1173 1911 1370 1951 τιιῑεῇιᾶἰο
1414 1911 1480 1952 vel

162 1971 428 2025 compressio3
470 1973 715 2013 contrahetur
775 1974 888 2026 igitur
937 1983 976 2012 et
1025 1975 1236 2014 retrocedet
1279 1987 1365 2014 cum
1400 1975 1481 2015 len-

163 2042 201 2075 te
243 2036 282 2075 in
324 2036 446 2076 sedem
491 2036 684 2090 pristinam
713 2068 724 2089 ,
775 2049 926 2077 camera
966 2037 1157 2090 posterior
1206 2037 1478 2091 ampliabitur,

1442 2175 1482 2206 et
