2044 2735
569 127 659 170 442
704 113 789 160 DE
806 114 1232 160 GANDISAPORA
1247 113 1562 159 PERSARVM
1582 111 1899 177 ,QVONDAM

576 232 625 275 ld
657 234 759 287 quod
794 233 976 276 sollemne
1009 243 1048 274 et
1084 234 1240 288 publicis
1274 236 1446 276 moribus
1488 243 1691 288 receptum
1725 248 1768 276 ac
1803 237 1892 290 legi-

575 296 643 337 bus
677 299 795 339 etiam
829 308 982 338 cautum
1017 299 1092 349 est,
1134 308 1217 339 tam
1251 312 1330 338 non
1365 299 1416 338 est
1451 308 1700 352 perpetuum,
1735 310 1779 339 vt
1814 313 1894 340 non

573 360 760 416 aliquibus
779 363 998 415 potentibus
1014 362 1128 403 libeat
1170 371 1208 402 et
1243 362 1354 402 liceat
1398 373 1542 416 praeter
1575 362 1722 402 [olitum
1758 363 1890 403 ficere.

573 423 678 465 Tota
709 425 886 479 Pompeii
911 428 991 467 vita
1025 426 1078 466 est
1111 425 1220 466 [eries
1253 436 1483 477 euentuum‚
1517 427 1579 479 qui
1611 426 1740 478 aliter,
1774 440 1892 480 qimm

570 488 726 530 Romae
757 488 898 530 solebat
929 490 1021 543 agi,
1056 489 1256 544 plaudente
1299 491 1411 529 omni
1449 490 1598 543 populo
1641 492 1887 542 contigerunt.

569 552 626 593 Et
659 563 704 593 vt
746 565 867 606 porro
897 564 1096 607 appareat,
1130 553 1249 593 multa
1286 554 1393 593 aliter
1428 553 1512 592 ficri
1555 566 1607 593 ex
1641 553 1889 607 necestitate,

569 616 636 656 vel
670 626 831 670 propter
865 617 1102 667 vtilitatem,
1136 630 1249 669 quam
1285 617 1384 656 olim
1420 617 1559 656 solebat
1587 617 1668 657 fieri
1690 650 1700 667 ,
1734 618 1830 658 nulla
1845 630 1887 658 re

570 692 668 734 opus
699 680 751 720 est
771 712 782 732 ‚
817 693 931 735 quam
965 681 1199 721 considerare
1234 690 1414 733 tempora
1457 682 1693 721 Aurelianeis
1726 682 1880 734 propio-

569 756 622 784 ra.
688 744 782 800 Quis
826 754 1029 799 propterea
1070 744 1266 796 negauerit
1300 743 1547 785 Valerianum
1583 745 1686 797 Aug.
1726 746 1764 784 in
1799 746 1880 784 vin-

564 807 658 848 culis
691 808 882 849 Persarum
918 809 1049 849 multis
1082 808 1186 847 annis
1222 807 1392 848 mansisse
1413 841 1424 859 ,
1459 818 1571 860 atque
1603 809 1720 848 etiam
1754 808 1876 848 deces-

564 869 676 922 fisse,
712 872 818 926 quod
849 873 957 926 prisci
999 872 1167 914 Romani
1213 883 1292 911 non
1325 871 1472 911 suerum
1506 870 1603 912 soliti
1639 873 1880 924 permittere,

565 943 610 975 vt
641 936 743 976 ciues
783 935 882 975 bello
923 937 1025 990 capti
1069 946 1132 976 aut
1172 935 1274 988 ligna
1305 936 1456 988 captiua
1496 936 1537 975 in
1571 935 1736 976 hostium
1772 945 1875 989 pote-

565 997 664 1038 state·
713 1010 941 1040 manerent:
996 999 1097 1053 quod
1137 999 1235 1039 bella
1289 1012 1423 1038 eorum
1466 999 1568 1039 causa
1616 999 1877 1055 susceperunt,

561 1072 844 1117 coegeruntque
893 1062 1018 1104 hostes
1065 1063 1217 1103 redditis
1266 1063 1423 1116 captiuis
1474 1074 1609 1116 pacem
1675 1064 1875 1103 redimere.

559 1124 691 1167 Tanto
721 1136 850 1167 autem
886 1127 1007 1180 magis
1034 1127 1099 1167 vel
1135 1127 1283 1180 ignauia
1314 1126 1378 1166 vel
1412 1126 1647 1167 imbecillitas
1678 1128 1876 1168 Romano-

560 1201 648 1230 tum
689 1190 926 1231 admirabilis
963 1190 1087 1230 videri
1127 1190 1270 1241 debet,
1313 1192 1399 1244 quia
1439 1189 1645 1230 Valeriano
1683 1190 1752 1231 fuit
1783 1190 1876 1231 filius

559 1253 751 1306 Augustus
771 1287 782 1306 ‚
815 1267 835 1293 a
867 1255 968 1294 cuius
1001 1255 1140 1308 pietate
1171 1253 1464 1307 cxspcetandum
1508 1254 1732 1305 videbatur,
1768 1264 1809 1293 vt
1835 1256 1873 1294 in

556 1325 637 1357 tam
671 1317 775 1370 graui
809 1317 911 1358 causa
943 1319 1111 1369 faceret,
1149 1319 1251 1372 quod
1286 1319 1450 1358 maiores
1479 1317 1531 1357 sui
1563 1318 1614 1358 ob
1645 1328 1877 1359 mercatores

554 1380 679 1422 laesos.
704 1391 766 1421 aut
798 1393 933 1422 nauem
969 1382 1182 1422 onerariam
1214 1391 1365 1435 captam
1407 1391 1446 1421 et
1473 1381 1663 1421 detentam
1698 1382 1869 1422 fecerant.

671 1442 745 1486 Sed
789 1444 883 1484 bene
921 1455 1055 1485 tamen
1096 1443 1208 1485 habet
1229 1478 1239 1496 ,
1282 1444 1498 1498 gratiaeque
1532 1443 1699 1498 Vopisco
1734 1446 1869 1486 deben-

554 1515 643 1560 tur,
685 1508 749 1561 qui
794 1508 904 1548 nobis
944 1508 1173 1561 legationem
1215 1508 1314 1549 hanc
1356 1509 1716 1549 commemorauit:
1769 1510 1869 1550 vnde

554 1571 601 1611 ad
645 1571 883 1612 coniecturas
924 1584 1003 1612 non
1048 1572 1321 1625 improbabiles
1368 1572 1573 1623 ducimur,
1624 1585 1698 1626 quo
1738 1574 1867 1626 pretio

552 1634 775 1675 Valerianus
810 1635 920 1675 fuerit
952 1635 1067 1676 Persis
1102 1637 1284 1688 proditus.
1353 1635 1511 1675 Videtur
1530 1635 1751 1675 intellexisse
1783 1637 1867 1676 Vo-

549 1697 699 1749 piscuS,
740 1710 854 1750 quam
894 1712 1032 1751 parum
1076 1699 1285 1738 Aureliano
1318 1699 1383 1738 suo
1417 1697 1630 1738 honorifica
1665 1697 1781 1738 sutum
1814 1702 1862 1738 es-

545 1759 598 1799 set
629 1771 718 1799 vera
752 1770 791 1800 et
824 1759 935 1813 plena
975 1761 1070 1800 illius
1102 1762 1300 1813 legationis
1343 1761 1575 1812 descriptio,
1611 1760 1773 1814 ideoque
1802 1763 1866 1801 sri-

544 1822 644 1862 volis
685 1823 915 1863 recensendis
954 1836 1113 1876 operam
1157 1824 1450 1864 consumendam
1486 1823 1727 1863 existimauit.
1795 1823 1862 1865 De

543 1886 692 1938 reliquo
727 1899 804 1926 non
839 1887 956 1926 video
976 1920 985 1938 ‚
1019 1887 1110 1941 quid
1145 1887 1391 1927 Aurelianum
1413 1920 1422 1938 ,
1455 1899 1570 1940 quum
1605 1887 1796 1940 legatione
1819 1889 1864 1929 il-

542 1949 577 1989 la
620 1948 861 2002 fungeretur,
903 1950 1023 1991 adbuc
1068 1951 1255 2004 priuatum
1305 1951 1492 1990 deterrere
1537 1953 1732 2003 potuerit,
1783 1965 1861 2005 quo

541 2014 671 2053 minus
705 2013 821 2054 filiam
855 2012 993 2067 Sapori
1026 2015 1295 2067 permitteret,
1331 2027 1447 2068 quum
1487 2015 1685 2057 Romanas
1716 2028 1862 2056 vxorcs

536 2076 728 2120 Choi'roes
761 2078 950 2120 Abruizus
980 2087 1018 2119 et
1036 2078 1189 2134 quidam
1224 2075 1494 2121 Chazarorum
1528 2090 1598 2120 rex
1619 2111 1630 2132 ‚
1663 2089 1773 2133 atque
1794 2080 1856 2120 hic

1759 2143 1865 2184 adeo-
