2044 2735
497 113 582 158 198
786 103 867 145 DE
903 101 1203 145 DESCENSV
1236 96 1558 145 CORPORVM

493 229 539 258 vt
581 217 652 256 alia
691 228 853 269 corpora
899 215 1094 268 mdendo,
1135 216 1203 256 alia
1237 215 1399 256 rotando
1432 214 1655 256 descendere
1685 213 1804 255 obser-

499 292 666 330 vemus,
711 290 821 333 atque
862 280 902 319 in
945 291 1055 321 motu
1095 280 1282 320 rotaitorio
1323 279 1474 332 insignis
1513 279 1809 332 deprehenditur

500 342 712 384 differentia
732 376 741 394 ‚
785 353 903 396 prout
936 356 1024 384 cum
1071 357 1118 383 eo
1152 354 1278 385 motus
1309 342 1560 396 progrtffiuus
1591 344 1655 382 vel
1689 343 1810 394 magis

501 407 566 447 vel
601 409 726 446 minus
769 406 1025 461 permiscetur.
1091 408 1158 447 Vti
1192 407 1268 447 hoc
1312 418 1583 460 argumentum
1620 408 1666 446 de
1701 415 1814 446 motu

501 472 610 524 super
640 470 758 524 plano
792 471 973 511 inclinato
1007 471 1052 510 ad
1088 470 1355 511 mechanicam
1397 471 1668 511 elementarem
1702 469 1810 509 rescr-

504 545 564 575 tur
587 565 598 583 ‚
633 534 685 573 ita
717 547 865 588 quoque
911 535 949 574 iu
994 534 1193 585 systemata
1255 534 1438 586 Phyficae
1479 535 1530 574 est
1563 533 1813 584 traduc'tum‚

507 597 714 651 passimque
755 598 899 650 regulas
938 598 1130 638 Audiores
1160 597 1305 637 tradere
1347 597 1424 638 sunt
1456 599 1612 650 conati,
1645 610 1694 638 ex
1728 597 1812 650 qui-

508 662 573 702 bus
613 661 778 701 iudicare
820 662 927 702 liccat
947 694 958 713 ,
995 662 1127 715 quibus
1166 661 1303 701 casibus
1334 674 1497 715 corpora
1527 675 1615 702 cum
1649 661 1814 702 radendo

509 736 591 765 tum
627 725 788 764 rotando
821 726 889 766 sint
921 725 1148 765 dest-enitim—
1217 726 1297 766 Has
1330 737 1457 765 autem
1501 727 1644 778 regulas
1675 736 1815 766 omnes

510 787 596 828 Cel.
631 786 818 829 Profeffor
841 788 964 830 Krafft
998 789 1143 830 sumum
1176 789 1216 828 in
1247 790 1521 842 experimentis
1538 789 1724 843 capiendis
1742 788 1818 828 sol-

510 853 645 905 letti-a,
691 853 829 893 erroris
868 853 1068 903 conuicit,
1109 865 1232 906 neque
1272 853 1392 892 vllam
1425 853 1594 905 regulam
1626 863 1705 892 tam
1744 863 1815 905 pro

509 927 620 959 niotu
655 915 806 955 radente
826 948 836 966 ,
869 929 984 970 quam
1016 929 1090 970 pro
1122 917 1312 956 rotatorio
1344 917 1493 956 veritati
1528 916 1818 956 consentaneam

513 980 793 1032 deprehendit:
831 978 993 1033 hincque
1037 981 1111 1020 Vir
1148 979 1471 1033 praest-„intillimus
1510 982 1633 1020 ansam
1663 979 1819 1032 arripuit

514 1053 594 1084 tam
631 1057 698 1096 per
729 1043 891 1096 plurima
923 1046 1190 1096 experimenta
1223 1056 1336 1097 quam
1373 1056 1443 1096 per
1474 1044 1715 1083 ratiocinium
1752 1054 1822 1080 ve·

513 1120 572 1148 ras
605 1116 756 1146 naturae
789 1106 888 1159 leges
921 1107 1089 1146 eruendi.
1155 1106 1265 1147 Idem
1299 1107 1494 1159 negotium
1526 1107 1599 1146 Vir
1633 1104 1718 1146 Cel.
1741 1104 1823 1145 Da-

517 1171 596 1211 niel
629 1168 822 1210 Bernoulli
857 1169 909 1209 est
942 1168 1158 1222 aggreffus,
1198 1180 1310 1223 atque
1344 1183 1365 1209 a
1398 1170 1519 1222 priori
1553 1170 1671 1211 solam
1706 1169 1825 1208 ratio-

517 1234 608 1273 cinii
641 1233 725 1274 vim
760 1232 903 1272 secutus
935 1233 1084 1274 easdem
1117 1234 1231 1288 plane
1264 1233 1392 1274 elicuit
1423 1234 1598 1287 regulas,
1632 1245 1722 1288 quas
1754 1244 1825 1272 ex-

516 1298 701 1352 perientia
735 1296 1044 1349 liippeditauerat.

636 1361 668 1409 ξ.
695 1372 735 1408 3.
774 1360 968 1416 Quoniam
1001 1361 1115 1414 igitur
1144 1361 1262 1401 video
1295 1359 1411 1400 Viros
1441 1361 1669 1402 acutissimos
1702 1362 1823 1401 diuer-

519 1424 570 1466 sas
608 1426 690 1465 vias
729 1422 806 1463 effe
844 1422 1058 1476 ingressos,
1092 1425 1226 1478 quibus
1269 1425 1426 1478 scopum
1470 1426 1658 1465 intentum
1695 1427 1826 1477 attige—

522 1488 598 1527 rint
620 1520 630 1538 ,
680 1500 759 1526 non
809 1486 927 1526 solum
970 1488 1098 1528 aetum
1141 1501 1219 1528 non
1260 1500 1372 1541 agere
1410 1489 1599 1539 arbitror,
1639 1489 1665 1528 si
1699 1502 1829 1530 meam

523 1551 754 1593 methodum
775 1582 786 1601 ,
823 1563 895 1603 qua
930 1550 1031 1590 idem
1068 1553 1265 1604 negotium
1300 1552 1467 1602 absolui,
1507 1552 1665 1591 dilucide
1706 1565 1833 1604 expo-

524 1615 664 1667 suero3
700 1614 757 1654 sed
791 1615 905 1654 etiam
940 1626 1032 1653 meo
1073 1615 1226 1668 quidem
1270 1615 1411 1655 iudicio
1445 1615 1664 1667 perfectioni
1698 1615 1832 1655 Theo-

526 1678 603 1718 riae
638 1679 812 1718 maxime
844 1677 1074 1728 conlulitur,
1107 1691 1185 1732 quo
1220 1679 1342 1732 plures
1376 1679 1460 1717 viae
1493 1679 1538 1718 ad
1572 1680 1730 1718 eandem
1763 1691 1835 1717 ve-

529 1742 682 1782 ritatem
701 1741 879 1781 ducentes
903 1741 1124 1793 detegantur
1141 1752 1251 1794 atque
1269 1743 1314 1782 ad
1342 1743 1448 1781 vium
1480 1743 1833 1783 accommodentur.

531 1804 612 1846 Etsi
653 1806 759 1844 enim
801 1816 938 1843 omnes
978 1805 1023 1844 ad
1058 1805 1222 1845 eundem
1265 1807 1470 1846 terminum
1506 1806 1743 1855 collineant,
1778 1817 1832 1847 ta-

531 1881 621 1908 men
655 1868 745 1907 aliae
777 1867 855 1906 alii>
887 1868 1033 1919 longius
1067 1869 1285 1918 deducunt,
1317 1879 1428 1921 :itque
1462 1869 1506 1908 ad
1539 1869 1626 1908 alias
1658 1871 1835 1912 veritates

532 1945 610 1972 non
655 1932 778 1972 miuus
817 1932 1039 1983 cognitione
1072 1933 1199 1984 dignas
1240 1933 1383 1972 aditum
1422 1931 1660 1985 patcfilciunt.
1727 1934 1840 1988 Quae

533 2009 620 2035 cum
664 1996 714 2034 ita
754 1995 842 2045 fint,
885 1996 984 2035 idem
1025 1995 1098 2034 hoc
1140 2006 1404 2049 argumentum
1442 2009 1460 2035 a
1503 1997 1602 2036 Viris
1636 2000 1843 2039 nominatis

533 2060 609 2100 iam
661 2058 935 2114 pertractatum
985 2071 1071 2099 tnea
1110 2061 1303 2101 methodo
1342 2060 1580 2114 expediam,
1622 2073 1665 2102 ca
1706 2062 1860 2102 scilicet>

1766 2125 1843 2180 ipsa
