2044 2735
556 93 643 131 402
840 78 921 119 DE
954 74 1227 121 LAPATHO
1264 76 1612 131 ORIENTAM,

552 197 609 236 tio
639 195 734 236 dum
778 194 850 236 sese
893 194 1123 249 explicant,
1163 195 1293 236 album
1328 194 1504 235 obtinent
1535 195 1713 236 colorem
1736 228 1746 246 ,
1781 209 1863 237 ma-

550 268 699 300 turante
732 271 830 300 vero
863 258 985 300 fructu
1018 258 1172 300 roseum
1208 261 1269 298 {eu
1301 259 1406 298 suaue
1441 259 1641 299 rubentem
1661 260 1866 312 acquirunt.

551 322 767 375 Interiora,
808 324 958 364 maiora
1000 322 1166 375 scilicet,
1200 322 1391 363 crescente
1434 323 1473 362 in
1506 324 1586 363 dies
1619 323 1835 373 embryonc
1856 356 1867 374 ,

551 388 612 427 cui
657 386 836 440 pistillum
880 387 1109 436 innascitur,
1158 386 1268 426 valde
1321 387 1552 439 ampliantur
1575 418 1586 437 ‚
1629 387 1871 427 inflectuntur

552 462 594 490 et
624 450 789 491 fructum
833 451 936 491 arcte
979 450 1278 504 amplectuntur.
1344 450 1552 490 Exteriora
1591 450 1669 490 duo
1705 451 1868 491 eandem

552 513 629 554 fere
663 514 973 567 magnitudinem
1004 513 1147 554 seruant
1167 546 1178 565 ‚
1213 525 1327 567 quam
1348 513 1578 566 habuerunt,
1612 514 1702 554 dum
1721 526 1871 568 expan·

554 578 770 630 debantur3
804 588 956 617 maturo
989 586 1120 617 autem
1162 576 1285 617 frutstu
1317 577 1574 618 reflee‘tuntur.

671 641 830 682 fructus
861 640 917 681 est
946 641 1076 681 semen
1106 640 1295 681 Acetosac
1329 640 1393 680 vel
1427 640 1594 694 Lapathi
1627 641 1762 681 semini
1784 652 1872 694 per-

555 702 653 743 seste
711 704 914 758 analogum
945 737 957 757 ‚
1007 704 1270 758 triangulum,
1329 702 1543 756 spadiceum
1574 737 1584 756 ,
1645 705 1873 757 splendens,

555 769 661 820 grani
695 768 854 808 Triticei
885 769 1147 821 magnitudine
1166 801 1178 821 ,
1209 767 1309 822 quod
1341 767 1513 821 Augusto
1545 769 1709 809 demum
1743 768 1875 807 meuse

558 832 604 872 ad
637 832 901 872 maturitatem
937 832 1128 885 peruenit.

675 893 834 936 Cultura
867 896 1081 936 delicatiori
1115 906 1212 948 opus
1245 906 1323 935 non
1356 892 1471 934 habet
1490 927 1500 945 ,
1532 895 1591 935 sed
1625 903 1731 934 amat
1752 895 1876 946 magis

557 957 677 999 solum
726 959 889 999 liberum
938 969 977 999 et
1017 968 1225 1012 apertum,
1273 958 1336 998 soli
1378 958 1573 1011 ventilquc
1615 958 1873 1011 expositum3

557 1021 784 1063 saeuissimas
823 1034 974 1077 quoque
1017 1022 1210 1075 hyemes,
1252 1020 1279 1062 si
1313 1022 1438 1062 modo
1476 1022 1563 1062 niue
1619 1022 1766 1062 tectum
1801 1021 1876 1073 fit,

559 1085 671 1127 facile
703 1085 856 1126 tolerat.

678 1147 836 1190 Carolus
870 1149 1061 1190 Linnaeus
1100 1160 1154 1190 ex
1191 1148 1259 1189 hac
1295 1149 1371 1189 iam
1405 1148 1589 1201 descripta
1633 1147 1790 1201 planta,
1825 1160 1878 1187 ex

563 1213 780 1268 Atriplice,
829 1214 877 1254 de
917 1227 988 1267 qua
1031 1212 1137 1266 supra
1189 1214 1438 1252 mentionem
1485 1213 1588 1263 feci,
1629 1221 1669 1251 et
1708 1224 1759 1250 ex
1803 1212 1879 1251 alio

561 1275 765 1319 Africanae
799 1278 955 1331 originis
988 1275 1120 1317 frutice
1152 1290 1172 1317 a
1206 1275 1381 1316 Dillenio
1416 1278 1454 1316 in
1489 1277 1618 1317 Horto
1650 1276 1879 1316 Eltlmmcn-

561 1342 590 1383 s1
623 1354 709 1395 pag.
757 1344 827 1391 36.
864 1341 961 1382 Tab.
998 1339 1185 1381 XXXII.
1229 1339 1293 1393 fig.
1333 1344 1406 1387 36.
1451 1341 1644 1380 delineato
1677 1349 1716 1378 et
1750 1338 1882 1377 uestri-

563 1416 636 1459 pto
655 1438 665 1456 ,
699 1417 817 1459 genus
849 1404 1037 1458 peculiare
1067 1405 1130 1445 sub
1147 1402 1258 1444 titulo
1280 1404 1520 1457 Ati-aphaxis
1542 1435 1550 1452 ,
1586 1416 1720 1456 graeco
1740 1416 1758 1441 a
1781 1401 1878 1442 Do-

562 1468 706 1509 scoride
757 1468 935 1521 Atriplici
988 1468 1132 1521 vulgari
1175 1468 1360 1520 imposito
1405 1469 1598 1515 nomine,
1642 1467 1795 1506 instituit
1843 1475 1883 1504 et

566 1533 606 1573 in
642 1533 772 1573 Horto
803 1529 1044 1571 Cliffortiano
1080 1544 1163 1586 pag.
1207 1542 1292 1581 137
1326 1542 1364 1571 et
1404 1538 1483 1579 138
1529 1531 1668 1583 species
1711 1531 1879 1569 eiusdtm

566 1595 762 1636 recensuit.
830 1594 1043 1635 Videamus
1093 1608 1138 1636 an
1184 1595 1305 1634 nostra
1353 1595 1445 1635 haec
1480 1595 1606 1646 planta
1645 1594 1689 1632 ad
1735 1604 1880 1631 nouum

569 1658 844 1711 Atraphaxcos
890 1670 1005 1711 genus
1048 1658 1175 1698 referri
1219 1658 1329 1710 poffit
1379 1668 1417 1697 et
1459 1657 1605 1697 debeat.
1674 1653 1883 1694 Charac‘tcr

568 1722 679 1762 huius
713 1722 857 1773 generis
892 1721 1088 1760 essentialis
1119 1720 1162 1759 ab
1195 1721 1368 1760 Auctore
1404 1723 1439 1759 in
1459 1719 1672 1762 Gener-ibus
1692 1719 1883 1772 suisplan-

568 1795 693 1825 tarum
739 1799 792 1825 n:
841 1790 940 1834 298.
987 1796 1071 1836 pag.
1121 1795 1220 1831 105.
1255 1784 1475 1832 exhibitus,
1514 1784 1710 1834 praecipue
1747 1784 1781 1820 in
1816 1795 1885 1820 uu-

571 1861 684 1889 mero
719 1847 922 1888 staminum
966 1845 1023 1886 seu
1058 1849 1286 1886 maritorum
1312 1881 1320 1897 ‚
1365 1859 1405 1886 vt
1440 1848 1524 1886 alibi
1571 1847 1671 1898 loqui
1709 1847 1810 1885 idem
1847 1859 1884 1884 a·

571 1922 685 1963 mat,
715 1921 752 1952 et
784 1911 1017 1963 stigmatibus
1036 1911 1180 1950 duobus
1206 1912 1264 1950 seu
1298 1909 1471 1950 {heminis
1513 1910 1677 1950 consistit
1698 1942 1708 1958 ,
1744 1922 1884 1962 nempe

571 1977 667 2017 duae
700 1975 886 2016 {heminae
916 1986 1006 2014 cum
1039 1972 1103 2013 sex
1138 1975 1283 2014 maritis
1325 1985 1462 2027 nuptae
1495 1973 1608 2025 (ΜΓ,
1647 1974 1887 2026 impraegna—

573 2049 636 2088 tae
664 2052 760 2082 vcro
792 2039 951 2080 vnicum
985 2037 1258 2079 subrotundum
1302 2038 1563 2093 compressum
1598 2035 1778 2077 infirmem
1803 2049 1887 2090 par-

1717 2101 1855 2140 turiunt
1876 2134 1887 2155 ‚
