2044 2735
538 130 618 170 DE
651 126 1194 175 COMBINATIONIBVS
1471 141 1528 186 89

205 259 278 289 tres
312 258 435 301 partes
468 246 541 286 siue
575 249 745 301 aequales
789 248 862 288 siue
905 248 1120 301 inaequalis
1162 250 1328 290 distribui
1362 252 1486 305 potest
1507 284 1517 303 ,

202 314 248 353 sic
291 320 329 351 71⁹
383 310 668 352 co'e'fficjcnttm
704 311 817 351 liabct
849 322 874 358 7
895 342 905 361 ,
950 313 1035 364 quia
1070 323 1094 360 7
1129 315 1257 354 modis
1298 328 1326 364 9
1369 316 1408 354 in
1443 326 1519 356 tres

204 387 327 428 parte:
346 375 525 427 dispertiri
562 376 593 413 se
627 375 777 428 patitur.

392 444 1316 488 9z1÷1÷73912÷2÷5

391 504 1320 553 9zx÷2÷63912÷3÷4

390 570 1314 616 9:1—l-3-l-53913-r-3-l-23

389 640 482 678 9:
499 639 515 664 1
544 633 610 671 -l-
631 642 658 676 4
678 635 742 672 a*
764 639 818 678 43

198 694 267 735 IV.
291 687 347 741 Q
367 704 421 730 z
439 699 475 731 η’
490 693 1411 742 -†—71⁵÷2n⁶÷3n⁷÷5w÷6n9—-l-—9nw—J—
1429 704 1504 737 etc.

196 758 262 797 vbi
281 758 456 809 cuiusque
476 753 670 807 potcstatis
697 755 805 807 ipsius
822 767 844 794 n
864 755 1086 795 co'e'fficiens
1104 765 1161 796 tot
1187 757 1361 796 continet
1380 761 1505 799 vnita-

195 829 258 871 tes,
280 830 374 873 quot
405 818 516 859 variis
542 818 670 858 modis
697 831 899 871 exponens
927 819 1037 872 ipsius
1062 832 1084 859 n
1106 819 1145 859 in
1183 829 1345 873 quatuor
1376 832 1506 875 partes

194 884 268 923 siue
301 883 471 937 aequales
513 881 588 922 slue
622 882 832 935 inaequales
864 882 998 922 resolui
1031 884 1164 936 potest.
1235 886 1365 937 Atque
1398 885 1504 926 simi·

189 947 234 987 lis
273 947 327 986 est
370 948 466 987 ratio
509 946 744 998 sequentium
786 944 998 999 scrierum3
1036 959 1130 1000 quae
1163 958 1238 1001 pro
1254 947 1384 988 litteris
1426 943 1501 1001 Ε,

195 1005 265 1072 ᾖ,
301 1006 354 1061 Θ
376 1045 385 1062 ‚
423 1021 493 1050 etc.
533 1010 778 1062 reperiuntur.

305 1076 337 1123 ξ.
394 1085 464 1121 31.
508 1072 658 1114 Harum
693 1085 785 1125 ergo
826 1072 1006 1113 serierum
1067 1085 1146 1126 ope
1194 1073 1359 1114 alterum
1409 1088 1503 1129 pro·

188 1136 342 1189 blema,
384 1137 486 1191 quod
525 1136 635 1176 simul
678 1149 766 1175 cum
801 1138 1049 1188 praecedente
1090 1137 1163 1176 Vir
1195 1135 1256 1177 Cl.
1297 1137 1506 1181 Naudaeus

188 1201 287 1242 mihi
323 1201 545 1254 propoluit,
581 1200 716 1238 resolui
753 1199 906 1251 potest,
948 1209 1043 1252 quot
1075 1200 1127 1239 ita
1166 1201 1202 1240 se
1236 1200 1364 1240 habet.

251 1264 453 1315 „Inueuire
500 1272 594 1314 quot
633 1262 745 1301 variis
786 1263 910 1301 modis
952 1263 1055 1301 datus
1098 1275 1254 1303 numers
1294 1276 1330 1303 m
1364 1263 1500 1317 partiri

257 1326 395 1379 „potiit
428 1327 464 1364 in
504 1339 536 1379 μ
575 1334 696 1377 partes
730 1334 808 1363 tam
845 1325 1016 1377 aequales
1049 1338 1161 1378 quam
1195 1327 1433 1378 inaequales:

283 1389 404 1441 „Siue
446 1389 608 1427 inueniri
647 1397 742 1440 quot
785 1389 897 1427 variis
939 1388 1062 1427 modis
1104 1388 1212 1428 datus
1254 1401 1429 1429 numerus
1461 1402 1501 1432 m

247 1465 342 1506 „per
374 1452 606 1492 additionem
644 1464 679 1505 μ
713 1462 960 1490 numeromm
995 1451 1234 1503 integrorum
1267 1451 1342 1493 flue
1360 1464 1497 1508 aequa-

247 1517 367 1568 „lium
404 1516 477 1555 siue
510 1514 760 1567 inaequalium
792 1514 951 1566 produci
983 1523 1095 1567 queat

186 1578 305 1634 Quod
356 1578 554 1633 problema
605 1589 624 1616 a
670 1577 922 1630 praecedente
978 1589 1027 1616 eo
1079 1586 1229 1617 tantum
1283 1577 1496 1634 discrepat,

184 1644 288 1696 quod
330 1644 369 1683 in
412 1641 658 1696 praecedente
700 1641 858 1694 partitio
902 1640 947 1680 ad
981 1649 1105 1692 partes
1144 1650 1295 1681 tanturn
1327 1643 1423 1683 inter
1456 1644 1494 1685 st:

179 1706 390 1760 inaequales
438 1706 482 1746 sit
514 1703 680 1744 restricta
703 1735 714 1754 ‚
768 1703 863 1743 haec
905 1714 1034 1743 autem
1086 1713 1211 1756 partes
1243 1716 1395 1759 quoque
1428 1720 1494 1748 ae-

178 1770 305 1824 quales
346 1770 531 1810 admittat.
598 1766 663 1806 Ad
705 1779 909 1807 numerum
951 1776 1080 1807 autem
1124 1767 1304 1807 omnium
1349 1771 1495 1811 modo-

179 1846 263 1873 rum
315 1834 355 1872 in
395 1833 471 1872 hoc
522 1830 758 1884 problemate
800 1831 1008 1885 quaesitum
1048 1830 1155 1884 signo
1195 1833 1493 1886 exprimendum

179 1906 332 1937 vtamur
369 1896 440 1936 hac
472 1895 624 1935 forma:

623 1953 709 1999 mm
734 1953 743 1984 )

182 2032 276 2074 quae
308 2020 448 2062 scilicet
479 2022 648 2062 declaret
667 2055 677 2073 ‚
711 2031 807 2075 quot
835 2022 946 2061 variis
977 2020 1103 2060 modis
1136 2033 1312 2063 numerus
1341 2036 1378 2065 m
1403 2036 1490 2079 par·

181 2084 242 2124 tiri
276 2085 453 2135 queat-in
500 2100 535 2140 μ
570 2095 695 2142 partes
744 2086 909 2137 integras
926 2118 938 2139 ‚
971 2085 1137 2140 partium
1179 2085 1324 2141 aliquot
1354 2100 1489 2139 aequa-

240 2146 347 2189 Tom.
381 2147 507 2191 XIII.
815 2148 864 2189 M
1378 2150 1487 2192 litate
