2044 2735
192 135 491 183 METALLIS
511 137 586 179 ET
601 133 965 180 SEMIMETAL.
995 137 1032 180 F
1035 133 1322 179 ACTORVM
1328 168 1337 177 .
1415 145 1502 188 397

192 279 233 287 -
305 280 347 287 -
418 256 609 298 Bismuthi
641 266 681 297 et
713 256 813 309 ch.
849 254 1070 297 Antimonii
1100 277 1131 286 —-
1181 255 1335 295 densius.

191 342 234 350 —
308 345 350 350 —
423 322 587 374 Argenti
620 331 657 361 et
691 319 873 361 Mercurii
992 341 1033 347 —-
1097 340 1138 346 -
1182 319 1339 359 deiifius.

307 389 342 436 ξ.
363 390 404 425 6.
441 386 508 427 Ex
542 384 613 426 hac
647 384 770 424 tabula
802 381 1041 436 perspicuum
1076 383 1128 424 est
1148 416 1158 433 ‚

258 457 334 502 1.)
388 450 565 490 Mixtum
617 445 739 499 Cupri
790 456 829 486 et
870 443 1058 487 Bismuthi
1099 446 1320 487 densitatem
1354 444 1503 486 calculo

309 514 606 554 conuenientem
642 510 793 550 habere.

260 590 297 616 2.
326 583 337 625 )
373 576 500 617 Mixta
535 574 638 614 Ferri
671 584 709 612 et
743 568 858 612 Zinci
880 605 890 624 ,
922 572 1027 612 Ferri
1062 582 1102 612 et
1135 571 1320 612 Bismutlii
1340 604 1350 622 ‚
1395 571 1501 613 Ferri

309 650 347 680 et
390 641 486 692 Reg.
530 637 783 687 Antimonii,
832 635 967 676 Stanni
1016 646 1056 676 et
1095 633 1237 687 Zinci,
1277 634 1410 676 Stanni
1463 645 1502 675 et

309 704 407 755 Reg.
476 700 731 751 Antiinmii,
778 695 894 740 Zinci
935 710 973 740 et
1017 700 1118 753 Reg.
1173 699 1394 739 Antimonii
1444 712 1502 739 ra-

309 768 410 806 riora
444 763 519 805 esse
549 765 658 804 fiic‘ta.

259 828 334 883 3.)
378 829 570 882 Reliqua,
625 839 717 880 quae
769 828 960 867 maiorem
997 839 1201 868 numerum
1241 826 1501 879 constituunt,

307 894 532 933 densitatem
567 891 712 931 calculo
745 902 889 931 erutam
925 891 1104 944 superare.

311 958 344 1005 §.
369 968 410 1005 7.
447 955 487 995 Si
523 955 825 1008 explicationem
861 954 1002 994 horum
1046 954 1402 997 Phaenomenorum
1439 969 1505 1011 :ig-

195 1020 298 1075 gredi
334 1021 534 1060 audeamus
567 1018 874 1059 coiifideraiidum
910 1019 991 1069 est,

263 1097 300 1124 1.
327 1089 339 1134 )
373 1084 565 1139 Quidnam
601 1081 680 1122 fieri
715 1082 850 1123 debeat
870 1115 879 1133 ,
922 1091 966 1120 vt
1000 1081 1124 1120 mixta
1165 1091 1229 1122 aut
1264 1083 1407 1123 rariora
1441 1094 1505 1123 aut

308 1148 478 1189 densiora
516 1146 677 1186 euadaiit
696 1179 706 1197 ,
747 1155 810 1185 aut
843 1144 1064 1184 densitatem
1105 1157 1192 1184 cum
1229 1147 1375 1187 calculo
1409 1159 1503 1188 con-

311 1214 536 1252 venientem
569 1211 771 1249 retineant.

261 1273 316 1329 2.)
349 1274 553 1330 Quaenam
589 1273 630 1313 sit
661 1272 762 1313 causa
794 1271 901 1312 huius
934 1272 1167 1312 mutationis.

194 1337 325 1380 Mixta
358 1337 605 1378 metallorum
640 1347 680 1376 et
710 1336 1064 1378 Semimetallorum
1099 1346 1186 1375 tunc
1217 1335 1300 1376 fieri
1334 1337 1505 1379 densiora

195 1403 222 1444 si
254 1413 377 1455 partes
410 1403 519 1441 vitius
548 1401 690 1439 intrant
720 1412 835 1453 poros
867 1399 1013 1438 alterius
1032 1432 1042 1450 ‚
1074 1409 1112 1438 et
1144 1400 1285 1440 rariora
1316 1401 1342 1441 fi
1378 1413 1506 1455 partes.

190 1466 407 1506 distendunt
438 1476 552 1518 poros
583 1464 732 1503 alterius
752 1496 761 1514 ‚
795 1464 955 1516 denique
987 1464 1146 1503 retinere
1176 1464 1395 1505 densitatem
1415 1478 1503 1506 cum

193 1530 340 1570 calculo
376 1528 670 1569 conuenientem
706 1527 732 1566 si
766 1536 890 1579 partes
923 1528 1114 1580 Vtriusque
1148 1526 1301 1567 sibimet
1334 1529 1502 1569 inuicem

193 1593 294 1647 quasi
328 1600 597 1646 apponuntur,
633 1603 652 1630 a
686 1591 842 1630 veritate
875 1602 952 1628 non
988 1590 1191 1629 abhorrere
1226 1601 1332 1642 puto.
1375 1592 1504 1647 Quare

192 1666 316 1696 autem
354 1656 446 1696 haec
479 1657 538 1694 ita·
564 1654 657 1694 fiant
691 1653 832 1694 altioris
864 1653 917 1693 est
951 1654 1145 1706 indaginis.
1214 1653 1318 1693 Mihi
1350 1656 1503 1695 ridetur

191 1719 290 1760 hanc
323 1719 577 1760 mutationem
609 1718 812 1771 proueiiire
845 1717 1057 1757 astructum
1078 1749 1088 1767 ,
1121 1718 1324 1769 quantitate
1343 1751 1353 1768 ,
1388 1728 1502 1758 attra-

195 1783 324 1823 ctione
360 1793 399 1823 et
430 1782 640 1835 repulsione
673 1782 836 1834 partium
871 1781 1198 1821 constituentium.
1265 1780 1501 1822 Strucsturam

194 1855 233 1885 et
272 1847 522 1899 quantitatem
564 1844 872 1885 considerandam
919 1843 995 1883 effe
1038 1844 1180 1896 colligo
1220 1857 1271 1884 ex
1306 1845 1413 1898 Exp.
1454 1859 1495 1894 9.

200 1921 270 1948 11.
312 1919 382 1957 15.
421 1913 488 1948 16.
530 1920 598 1957 17.
667 1908 775 1949 Nam
811 1917 948 1947 notum
983 1909 1037 1948 est
1056 1908 1212 1948 Ferrum
1244 1918 1284 1947 et
1315 1907 1500 1948 Staniiiim

197 1971 320 2012 multa
354 1971 491 2012 scatere
525 1982 648 2023 terra,
693 1985 713 2012 a
747 1984 819 2024 qua
855 1984 938 2025 pars
971 1971 1253 2011 inflammabilis
1294 1972 1381 2024 igne
1416 1970 1498 2010 fiici-

197 2035 231 2074 le
265 2035 392 2074 diuelli
425 2035 568 2087 potest,
603 2047 681 2088 quo
712 2034 812 2075 facto
846 2036 938 2075 tales
973 2044 1097 2087 partes
1130 2044 1261 2082 terrae,
1297 2035 1385 2074 loco
1405 2033 1499 2085 figu-

196 2110 259 2140 tae
306 2097 550 2154 sphaericae,
591 2111 704 2153 quam
759 2109 869 2138 antea
909 2100 948 2138 in
980 2098 1089 2139 fluxu
1123 2096 1351 2138 habebant.
1386 2097 1501 2138 aliam

722 2159 766 2202 D
782 2162 805 2202 d
823 2161 848 2202 d
867 2172 890 2209 3
1368 2173 1501 2206 Quam-
