2044 2735
555 125 641 173 306
677 119 758 162 DE
775 108 1192 160 PERFICIENDIS
1212 106 1432 155 MAPPIS
1444 107 1869 155 GEOGRAPHICIS

552 224 1082 289 :a212-”f²÷²¹'1⁷‘²-2²-⁶3
1113 248 1151 279 et
1181 223 1743 293 1<Dq..—.¹²²⁶²÷²1‡r¹’2⁶²—⁴=P²—⁶²
1789 246 1874 276 tan-

1539 279 1552 293 ⁴

552 317 641 357 dem
675 325 770 367 ergo
802 312 1000 352 distantiae
1018 310 1194 350 locorum
1213 308 1356 349 chorda
1376 306 1463 348 ED
1480 303 1732 361 :V(a²—l-
1748 292 1821 359 pff
1837 308 1866 363 ).

671 378 705 426 §.
748 387 817 424 13.
861 375 923 416 Sic
967 374 1109 414 calculo
1149 385 1207 412 res
1247 371 1483 425 expeditur,
1520 370 1595 410 fine
1632 370 1870 422 Trigonom.

557 440 759 496 Spaericae
776 439 854 491 vsu,
872 439 950 481 mei
967 437 1041 490 est,
1073 447 1117 477 vt
1134 435 1328 476 ostendam
1347 448 1419 489 qua
1430 435 1577 474 ratione
1593 434 1668 474 fine
1679 436 1788 474 omni
1802 435 1876 475 cal-

559 506 648 546 culo
681 516 759 558 ope
791 503 901 543 solius
926 501 1055 542 circini
1074 510 1114 539 et
1132 499 1298 552 regulae,
1317 499 1467 552 mappis
1485 500 1586 552 prius
1604 497 1695 537 scala
1713 498 1876 539 chorda-

559 582 644 610 rum
676 577 718 608 et
758 567 952 607 radiorum
994 564 1257 618 parallelorum
1297 561 1474 615 sphaerae
1514 561 1732 614 instructis,
1766 562 1876 602 loco-

558 645 646 674 rum
678 633 718 672 in
751 630 902 671 diuersis
935 627 1120 682 parallelis
1151 626 1321 667 distantia
1354 625 1514 664 inueniri
1555 624 1682 679 poslit.

413 702 488 754 Fig.
517 719 553 751 4.
680 695 806 736 Radio
838 693 1014 746 sphaerae
1047 689 1130 731 AB
1173 688 1398 730 describatur
1437 701 1541 728 arcus
1582 687 1710 728 circuli
1752 687 1875 727 maxi-

565 760 631 801 mi‘
656 768 696 799 et
729 756 873 797 chorda
904 753 1136 796 differentiae
1168 753 1455 806 longitudinum
1495 752 1663 793 datarum
1684 749 1761 791 BL
1783 784 1792 802 ,
1827 762 1879 791 ex

563 823 656 864 scala
689 820 920 862 chordarum
955 818 1193 858 transferatur
1225 816 1369 856 circino
1407 817 1444 855 in
1477 828 1605 855 arcum
1625 815 1729 855 radio
1749 814 1878 867 sphae-

564 899 629 927 rae
669 885 902 926 delineatum
935 891 974 921 et
1006 882 1189 921 ducantur
1220 881 1313 920 radii
1346 878 1426 921 AB
1445 912 1455 930 ,
1483 878 1578 919 AL.
1643 878 1709 919 Ex
1743 889 1879 917 centro

566 962 670 990 arcus
708 947 837 989 circuli
877 946 1043 986 maximi
1085 957 1173 984 cum
1217 944 1324 983 radiis
1357 943 1624 996 parallelorum
1658 942 1695 980 in
1728 940 1882 994 sphaera

567 1011 653 1054 AC
687 1021 725 1052 et
758 1010 873 1062 ΑΕ,
906 1021 1072 1062 quorum
1106 1008 1334 1047 distanti-aea
1352 1007 1447 1060 polo
1481 1007 1520 1046 A
1539 1006 1673 1045 dantur
1692 1037 1702 1055 ,
1737 1017 1787 1043 ex
1810 1006 1879 1043 sca-

567 1076 605 1117 la
638 1077 832 1115 radmrum
875 1071 1143 1126 parallelorum
1188 1070 1332 1108 circino
1373 1069 1491 1122 captis
1528 1076 1708 1107 notentur
1740 1067 1883 1119 puncta

568 1137 628 1191 C,
654 1138 718 1190 D,
758 1147 797 1176 et
833 1135 890 1186 E,
920 1135 948 1175 F
992 1134 1030 1173 in
1081 1133 1188 1172 radiis
1229 1131 1406 1184 sphaerae
1447 1130 1638 1183 descriptis
1726 1128 1884 1169 Deinde

569 1203 713 1244 chorda
745 1200 820 1242 EF
854 1197 1089 1239 differentiae
1123 1195 1406 1249 longitudinum
1442 1195 1479 1234 in
1521 1193 1703 1247 parallelo
1746 1194 1884 1233 maiori

570 1267 711 1316 ducta,
743 1263 889 1304 chorda
920 1259 954 1302 C
965 1260 1005 1301 D
1040 1258 1274 1300 differentiae
1309 1259 1587 1311 longitudinum
1623 1259 1660 1296 in
1705 1257 1883 1309 parallelo

571 1330 711 1372 minori
747 1328 893 1368 circino
924 1323 1164 1366 transferatur
1197 1324 1234 1363 in
1267 1322 1454 1362 chordam
1490 1322 1565 1362 EF
1600 1321 1824 1373 descriptam
1844 1329 1885 1360 et

572 1394 620 1435 ab
652 1406 696 1434 ea
729 1391 987 1441 subtrahatur,
1020 1388 1200 1428 residuum
1235 1385 1325 1428 GE
1356 1386 1542 1426 diuidatur
1574 1386 1614 1424 in
1645 1385 1734 1424 duas
1760 1393 1885 1436 partes

574 1456 777 1510 aequales,
814 1464 852 1494 ct
885 1467 936 1493 ex
970 1452 1116 1506 puncto
1148 1451 1338 1491 diuisionis
1370 1450 1408 1490 H
1443 1451 1602 1501 erigatur
1633 1448 1680 1487 ad
1702 1448 1774 1488 EF
1796 1461 1888 1488 nor-

468 1560 473 1565 ,
542 1566 558 1579 ἢ
579 1519 690 1560 malis
721 1518 806 1559 HK
840 1516 999 1556 infinita.
1063 1515 1184 1555 Porro
1216 1515 1386 1566 capiatur
1417 1512 1558 1552 chorda
1593 1510 1678 1552 DB
1712 1510 1889 1551 differen-

459 1571 650 1652 ‘'ffss‘tiae
700 1582 952 1622 distantiarum
993 1578 1161 1619 datarum
1197 1591 1215 1617 a
1249 1578 1343 1630 polo
1377 1576 1466 1624 (siue
1501 1576 1676 1626 australi,
1710 1575 1782 1613 siue
1818 1576 1889 1614 bo-

579 1646 701 1698 reali,
741 1647 845 1686 idem
884 1644 959 1694 est)
998 1655 1051 1681 ex
1094 1641 1185 1681 scala
1228 1640 1453 1680 chordarum
1495 1648 1533 1678 et
1573 1651 1623 1677 cx
1664 1638 1809 1689 puuc‘to
1853 1637 1889 1678 E

577 1709 745 1750 chordae
780 1709 932 1748 maioris
968 1705 1039 1746 EF
1070 1705 1342 1744 determinetur
1370 1715 1457 1742 cum
1491 1701 1634 1741 chorda
1669 1699 1753 1739 DB
1788 1700 1886 1740 dista

580 1772 767 1827 punc'tum
803 1771 842 1811 O
878 1769 1092 1810 normalem
1129 1766 1319 1806 definiens.
1395 1764 1581 1805 Distantia
1625 1765 1776 1803 alterius
1817 1777 1889 1804 ex-

582 1836 784 1876 tremitatis
818 1834 846 1874 F
880 1832 1046 1873 chordae
1078 1830 1155 1871 FE
1188 1843 1208 1869 a
1241 1829 1387 1883 pnnc‘to
1420 1829 1459 1869 Ο
1491 1826 1727 1867 tramstl‘atllr
1761 1828 1797 1865 in
1819 1828 1888 1867 lca-

583 1900 659 1939 lam
700 1899 924 1939 chordarum
970 1906 1007 1936 ct
1050 1894 1254 1936 innotescet
1294 1893 1467 1932 locorum
1509 1891 1682 1930 distantia
1724 1903 1890 1931 numero

581 1963 765 2016 graduum
801 1960 988 2015 apposito.
1056 1959 1201 2001 Omnia
1235 1957 1377 1997 collato
1411 1957 1443 2004 ξ.
1489 1968 1556 1992 12.
1592 1965 1740 2007 patent.

700 2027 734 2074 §.
774 2038 839 2077 ¹4·
879 2024 1074 2065 llac'tenus
1106 2022 1249 2061 ostendi
1273 2053 1282 2071 ,
1320 2034 1390 2074 qua
1424 2020 1569 2059 ratione
1610 2031 1773 2072 mappae
1808 2019 1891 2058 ido-

583 2091 663 2131 neis
697 2091 797 2131 scalis
827 2087 962 2144 persici
995 2087 1161 2141 polluit,
1195 2098 1315 2138 neque
1349 2084 1481 2124 dubito
1516 2082 1586 2122 hac
1620 2083 1764 2121 ratione
1785 2084 1894 2134 map-

1829 2157 1896 2198 pas
