2044 2735
523 123 612 169 ÷÷8
668 115 746 157 DE
765 108 1178 157 GANDISAPORA
1211 104 1845 172 PERSARVMGQVONDAM

523 235 620 275 tium
672 233 938 287 implebantur.
1008 234 1138 286 Atque
1181 241 1292 274 tanto
1343 232 1465 284 magis
1509 230 1582 272 huc
1604 265 1614 284 ,
1649 242 1843 285 tamquam

525 300 573 339 ad
608 309 768 351 portum
791 330 801 349 ‚
834 296 1108 350 confluebant,
1146 298 1208 351 qui
1241 298 1291 337 ob
1327 296 1523 349 singulares
1554 298 1628 336 (uas
1647 297 1848 336 sentemias

530 376 550 403 a
589 363 726 403 ceteris
775 361 1092 414 exagitabantur,
1147 374 1263 414 quum
1315 360 1431 400 Persis
1474 360 1683 412 persualum
1727 359 1849 409 effet,

529 437 640 466 tanto
672 425 706 466 stt
737 424 971 466 fidelioribus
1015 425 1140 464 vstiros
1181 424 1254 465 effe
1288 422 1513 464 Christianis
1561 425 1601 463 in
1634 425 1697 464 suo
1731 436 1851 476 regno

531 491 783 544 degeiitibu5‚
821 499 965 543 quanto
999 488 1143 541 longius
1192 488 1405 529 diffiderent
1447 487 1492 526 ab
1533 488 1636 539 istis,
1674 489 1735 542 qui
1769 489 1853 529 Ro-

536 568 655 596 mano
705 555 872 607 imperio
921 553 1102 608 parebant
1123 584 1134 603 ,
1175 567 1196 594 a
1228 565 1306 608 quo
1347 561 1496 592 tantum
1539 563 1618 592 non
1670 553 1857 606 perpetuis

536 619 641 660 bellis
681 617 963 659 distinebantur.

655 681 819 723 Postulat
851 681 914 721 hic
946 681 1118 721 maxime
1153 680 1279 731 locus,
1312 690 1356 720 vt
1389 690 1474 720 ante
1507 679 1647 734 aliquid
1682 680 1729 720 de
1763 680 1860 732 Ely-

541 746 699 798 maide,
739 745 914 799 Lapetlia
958 754 995 784 et
1028 745 1210 785 Huzitide
1253 745 1377 784 dicam
1401 775 1411 794 ‚
1454 757 1568 797 quam
1603 745 1650 784 ad
1684 743 1845 786 Gaudilit

542 823 681 866 por-am
717 810 878 863 amplius
911 809 1188 849 describendam
1226 809 1459 861 progrediar.

664 872 730 914 De
771 873 1008 926 Elymaide,
1046 883 1229 926 quantum
1269 884 1320 911 ex
1354 871 1592 924 scriptoribus
1632 869 1792 912 Graecis
1827 882 1865 911 ct

548 938 740 981 Romanis
774 937 948 991 consequi
985 938 1142 989 potuit,
1176 935 1307 989 ample
1341 944 1380 974 et
1414 947 1582 976 accurate
1613 937 1789 990 exposuit
1810 937 1868 975 vir

550 1015 628 1043 non
672 1003 796 1042 miuus
837 1002 1014 1055 antiquae
1058 1000 1254 1040 doctrinae
1305 1000 1422 1039 vbere
1463 1001 1605 1054 copia,
1652 1013 1766 1053 quam
1812 1001 1870 1040 lua
1931 1032 1933 1034 .

553 1066 738 1107 modestia
801 1065 1067 1106 celeberrimus
1133 1062 1459 1105 CHRISTOPH.
1526 1062 1838 1106 CELLARWS
1861 1097 1872 1115 ‚

554 1129 808 1185 geographiae
851 1130 992 1183 antiqu.
1035 1127 1140 1168 Libr.
1186 1127 1261 1168 ΙΙΙ.
1300 1125 1385 1181 Cap
1436 1139 1506 1178 19.
1551 1128 1639 1168 sect
1679 1121 1872 1181 3.’quem

554 1195 755 1234 luminibus
795 1193 1032 1234 orientalium
1074 1191 1282 1231 litterarum
1325 1192 1488 1244 benigne
1529 1191 1674 1246 supplet
1717 1201 1756 1231 et
1790 1191 1874 1231 illu-

556 1259 644 1299 strat
684 1258 745 1297 vir
787 1255 1094 1311 incomparabilis
1134 1254 1470 1297 ASSEMANVS
1514 1256 1635 1296 Torn.
1679 1255 1752 1296 IV.
1787 1267 1874 1308 pag.

529 1338 533 1342 ·
560 1319 829 1362 CCCCXIX.
865 1332 903 1362 et
934 1321 1036 1374 seqq.
1069 1320 1247 1373 nobisque
1279 1320 1441 1360 ostendit
1481 1333 1502 1359 a
1537 1331 1696 1374 quatuor
1729 1318 1881 1358 diuersis

563 1386 710 1441 populis
750 1385 978 1437 Elymaess,
1012 1382 1151 1435 Susiis,
1192 1384 1290 1424 Vsiis
1331 1394 1368 1423 et
1413 1381 1620 1436 Cluilaeis,
1674 1385 1711 1423 iu
1761 1395 1880 1421 vnam

563 1459 715 1503 gentem
750 1449 924 1501 coalitis,
958 1449 1198 1502 prouinciam
1234 1448 1340 1488 illam
1373 1447 1476 1488 fuiffe
1510 1448 1733 1488 habitatam.
1801 1447 1883 1487 Ha-

565 1515 681 1554 buere
723 1513 774 1553 illi
814 1513 1161 1565 Metropolitanum
1183 1545 1193 1564 ,
1233 1513 1295 1565 qui
1330 1513 1503 1566 primum
1536 1512 1665 1552 locum
1699 1510 1783 1565 post
1815 1509 1885 1550 Sc-

568 1578 792 1618 leuciensem
834 1577 1045 1618 Primatem
1087 1576 1251 1616 obtinuit
1279 1609 1289 1628 ,
1333 1586 1444 1630 atque
1488 1576 1526 1615 in
1567 1575 1755 1627 Syrorum
1800 1587 1887 1614 rno-

569 1642 761 1681 numentis
817 1641 961 1694 triplici
1018 1640 1139 1681 modo
1189 1641 1402 1680 denotatur.
1469 1638 1621 1680 Scilicet
1669 1639 1714 1678 ab
1764 1638 1888 1690 gentis

570 1704 760 1744 vniucrfile
792 1705 951 1745 nomine
992 1713 1151 1743 vocatur
1184 1703 1441 1755 Metropolim
1476 1703 1718 1743 Elamitidis:
1755 1713 1773 1740 a
1807 1700 1888 1739 serie

571 1768 773 1820 antiquiori
807 1768 847 1807 in
882 1767 974 1806 vrbe
1012 1766 1186 1818 Lapctlia
1208 1799 1217 1817 ,
1258 1778 1354 1818 quae
1391 1778 1427 1805 ct
1459 1764 1784 1818 Bctli-Lasetha‚
1817 1763 1890 1803 La-

573 1830 792 1885 pethensis:
843 1831 1002 1883 denique
1052 1828 1384 1882 Gandilaporeufis
1428 1830 1678 1870 recentissinie
1732 1838 1891 1868 vocatur

578 1895 624 1935 ab
654 1906 701 1934 eo
732 1904 939 1947 tempore,
975 1907 1053 1947 quo
1087 1894 1185 1933 sedes
1218 1892 1494 1945 Metropolitae
1517 1927 1526 1943 ,
1560 1907 1635 1934 vua
1668 1905 1755 1932 cum
1789 1893 1897 1932 scho-

579 1958 642 2008 la,
685 1958 731 1999 ad
773 1958 906 1998 vrbem
946 1954 1246 2011 Gandiiaporam
1289 1958 1461 1998 translata
1504 1958 1571 1998 suit
1613 1970 1664 1997 cx
1696 1957 1789 1995 vrbe
1823 1956 1894 1995 La-

582 2021 708 2075 petha.
777 2023 884 2062 Haec
928 2021 1101 2074 Lapetlia
1136 2033 1257 2061 autem
1303 2022 1367 2061 fuit
1405 2023 1580 2075 primaria
1622 2021 1709 2060 vrbs
1743 2020 1896 2059 lluzim-

583 2099 670 2126 rum
721 2086 782 2126 seu
835 2086 1019 2126 Vziorum
1051 2119 1061 2139 ,
1115 2098 1208 2139 quos
1261 2086 1378 2126 nostri
1431 2086 1629 2140 lcriptorcs
1671 2084 1798 2124 inos
1839 2086 1901 2125 vel

1776 2147 1905 2189 Oxios
