2044 2735
516 122 571 150 22
582 121 606 148 2
849 107 930 148 DE
961 102 1140 149 MOTV
1173 100 1506 148 CORPORVM

515 227 681 279 Hocque
723 224 844 264 modo
888 223 959 273 fit,
1004 233 1048 263 vt
1089 223 1276 275 quat-libet
1319 224 1497 277 particula
1548 222 1586 263 ln
1628 224 1690 264 suo
1733 225 1827 267 statu

515 289 749 344 perseuerare
783 299 915 342 queat,
950 288 1049 327 laluo
1083 288 1260 327 omnium
1298 288 1523 340 reliquarum
1561 290 1826 341 particularum

515 354 640 405 statu3
696 352 821 406 sicque
873 353 924 392 ob
968 350 1281 403 pericuerantiam
1326 354 1503 404 cuiusque
1547 352 1752 405 particulae
1786 355 1826 394 in

515 417 610 458 statu
642 417 736 467 suo,
779 416 885 456 simul
920 426 1046 455 torum
1091 428 1228 468 corpus
1264 415 1300 453 in
1333 415 1424 454 statu
1461 414 1524 455 suo
1558 417 1826 468 permanebit,

515 489 629 535 atque
663 480 756 521 adeo
789 479 948 532 figuram
983 479 1083 518 suam
1105 511 1114 529 ‚
1147 480 1327 531 quoniam
1362 491 1499 518 omnes
1516 489 1640 532 partes
1658 479 1828 521 eundem

519 545 623 585 inter
664 545 700 584 se
742 544 853 585 situm
898 552 1073 582 mutuum
1110 543 1305 593 retinent,
1357 544 1581 582 innariatam
1632 543 1828 584 conserua-

515 608 602 661 bit,
644 608 683 649 id
726 608 828 661 quod
870 606 1023 646 euenire
1064 618 1141 645 non
1185 605 1342 659 posset,
1387 606 1412 646 si
1454 618 1586 646 omnes
1622 607 1829 659 particulae

515 684 639 726 neque
678 671 824 725 aequali
865 670 1058 710 celeritate
1080 700 1091 721 ,
1136 682 1258 723 neque
1293 670 1494 710 secundum
1531 670 1693 711 eandem
1730 671 1828 712 dire-

515 736 690 778 ettonem
720 735 951 776 incederent.

633 800 668 848 §.
691 813 731 850 4.
773 799 906 840 Motus
938 796 1143 837 rotatorius
1175 796 1227 836 est
1247 829 1258 847 ,
1299 808 1377 850 quo
1408 808 1547 849 corpus
1581 796 1679 836 circa
1713 810 1829 840 axem

517 863 683 918 aliquem
717 862 840 903 fixum
882 861 957 902 siue
999 873 1068 914 per
1109 861 1229 914 ipsum
1270 872 1410 913 corpus
1461 861 1713 900 transeuntem
1756 862 1830 904 siue

517 938 631 968 extra
667 939 805 980 corpus
854 925 965 965 situm
1015 925 1263 964 conuertitur.
1332 923 1377 964 In
1422 922 1498 962 hoc
1551 924 1665 975 igitur
1716 935 1830 965 motu

516 990 706 1045 quaelibet
740 990 912 1042 corporis
946 988 1126 1043 particula
1160 989 1197 1027 in
1234 988 1348 1041 plano
1381 987 1425 1026 ad
1460 986 1570 1026 illum
1606 1000 1719 1026 axem
1741 1000 1833 1028 nor-

517 1054 614 1096 mali
647 1055 698 1095 ita
732 1053 981 1103 monebitur,
1018 1061 1062 1090 vt
1095 1052 1195 1090 circa
1230 1063 1321 1090 eum
1355 1063 1482 1090 arcum
1517 1050 1736 1090 circularem
1766 1052 1832 1092 de-

520 1118 669 1158 scribat.
735 1115 839 1156 Cum
875 1117 999 1169 itaque
1031 1123 1158 1159 totum
1193 1126 1330 1166 corpus
1363 1114 1463 1152 circa
1499 1112 1601 1152 hunc
1644 1126 1758 1153 axem
1789 1114 1835 1154 si-

521 1182 604 1222 mul
637 1189 877 1222 conuertatur
897 1212 906 1230 ,
940 1177 1116 1218 celeritas
1149 1178 1326 1229 cuiusque
1359 1175 1562 1230 particulae
1598 1176 1670 1216 erit
1701 1176 1834 1217 distan-

520 1246 595 1286 tiae
634 1245 746 1299 ipsius
788 1243 834 1283 ab
875 1254 948 1282 axe
991 1241 1323 1295 proportionalis,
1366 1240 1529 1279 direfflo
1575 1252 1669 1278 vero
1716 1240 1836 1293 posita

518 1310 591 1349 erit
629 1310 670 1349 in
704 1307 823 1361 plano
865 1307 911 1347 ad
944 1317 1063 1345 axem
1100 1305 1296 1354 normali,
1333 1304 1476 1356 eritque
1510 1303 1832 1356 perpendicularis

517 1373 565 1414 ad
599 1374 746 1414 radium
780 1382 833 1410 ex
869 1369 944 1423 ipsa
967 1368 1151 1422 particula
1184 1368 1229 1407 ad
1249 1380 1368 1407 axem
1399 1367 1624 1407 normaliter
1659 1367 1835 1407 duc'tum.

519 1437 588 1478 Ex
621 1435 778 1489 cognita
811 1445 904 1486 ergo
936 1432 1131 1472 celeritate
1166 1431 1275 1470 vnius
1308 1431 1483 1484 corporis
1526 1431 1731 1483 particulae
1768 1444 1836 1484 per

519 1498 689 1552 regulam
733 1509 885 1537 auream
927 1496 1118 1535 inuenitur
1159 1494 1330 1533 celeritas
1374 1495 1601 1547 reliquarum
1652 1496 1834 1535 omnium

521 1562 807 1618 particularum.
876 1560 995 1615 Quod
1037 1568 1165 1598 autem
1209 1558 1254 1597 ad
1289 1558 1541 1597 directionem
1585 1558 1754 1607 attinet,
1789 1571 1833 1597 ea

519 1628 666 1668 duobus
699 1635 847 1665 tantum
880 1623 1007 1663 modis
1037 1621 1322 1671 determinatur,
1356 1634 1444 1660 cum
1466 1622 1620 1673 corpori
1653 1623 1751 1660 circa
1770 1622 1836 1660 da-

522 1699 605 1730 tum
625 1702 743 1730 axem
764 1688 936 1741 gyrando
955 1687 1047 1725 duae
1067 1684 1186 1725 solum
1208 1685 1293 1723 viae
1311 1694 1463 1738 pateant
1490 1684 1552 1723 vel
1590 1684 1832 1723 dextr-ortum

521 1766 668 1807 nempe
694 1752 758 1793 vel
790 1749 1047 1791 sinistrorsum.
1098 1747 1201 1788 Data
1227 1760 1319 1799 crgo
1349 1747 1536 1801 positione
1564 1748 1646 1785 axis
1672 1748 1834 1787 directio

524 1827 656 1858 motus
665 1815 807 1869 duplici
829 1824 973 1854 tantum
987 1812 1108 1852 modo
1120 1811 1172 1850 est
1186 1811 1363 1864 possibilis
1376 1810 1432 1859 vel
1447 1811 1482 1849 in
1493 1811 1667 1849 dextram
1683 1812 1738 1862 pla
1746 1823 1834 1863 gam

522 1880 589 1921 vel
617 1881 654 1920 in
672 1881 866 1927 sinistram,
887 1889 1044 1930 quarum
1066 1875 1180 1914 altera
1201 1873 1304 1914 alteri
1325 1887 1344 1914 e
1366 1874 1555 1913 diametro
1575 1874 1623 1912 cil
1645 1875 1832 1927 oppam-,L

641 1945 675 1992 §.
703 1954 741 1992 5.
779 1942 965 1983 Manente
1008 1951 1101 1991 ergo
1136 1937 1322 1991 positione
1364 1939 1447 1976 axi>
1479 1938 1614 1977 cadem
1652 1937 1688 1975 in
1726 1949 1836 1977 motu

523 2008 714 2049 rotatorio
765 2007 836 2047 alia
882 2005 1044 2045 mutatio
1089 2003 1243 2041 euenire
1276 2015 1354 2040 non
1392 2001 1545 2054 potest,
1590 2001 1655 2040 nisi
1691 2003 1838 2041 ratione

519 2071 752 2123 celeritatis,
786 2083 835 2110 eo
870 2068 971 2122 quod
1005 2066 1164 2108 directio
1205 2067 1243 2105 in
1276 2065 1327 2106 sui
1360 2066 1592 2105 contrariam
1614 2065 1733 2105 tubiro
1754 2078 1838 2104 mu-

1767 2138 1840 2168 tari
