2044 2735
526 129 550 167 3
563 127 582 166 5
595 121 616 158 8
652 109 769 156 TEN
774 109 894 154 TAM
896 109 974 151 EN
993 103 1355 152 EXPLICANDI
1375 101 1442 148 D1
1447 103 1521 147 LA
1527 100 1824 148 TATIONEM

523 226 610 265 brac
642 225 748 264 enim
780 223 867 263 istae
900 223 1066 262 internae
1099 218 1246 259 clateris
1278 217 1326 257 sui
1370 217 1508 257 virtute
1547 217 1682 258 iterum
1722 217 1826 258 resti-

526 297 675 328 tuuntur
707 297 746 326 et
788 285 931 339 pupilla
963 284 1180 337 angustatur.

641 354 677 402 §.
716 360 784 398 27.
820 348 972 390 Solutio
1004 348 1117 401 igitur
1150 345 1394 399 problcmatis
1427 343 1475 391 (ξ.
1515 341 1568 398 1.)
1602 356 1650 383 eo
1681 344 1829 384 redacta

527 413 579 453 est
598 445 609 465 ‚
642 423 686 452 vt
718 410 883 453 cauffam
918 411 1147 451 dilatationis
1179 409 1344 462 pupillae
1379 419 1457 448 non
1490 407 1528 446 in
1570 407 1827 447 contractione

526 475 706 516 fibrarum
739 475 1000 516 muscularium
1035 472 1358 525 longitudinalium
1394 470 1523 522 iridis,
1556 471 1616 510 sed
1658 471 1696 510 in
1739 484 1831 524 pro-

529 539 692 580 trusione
725 541 837 578 totius
869 538 972 578 iridis
1004 549 1182 576 corneam
1216 535 1368 587 versus,
1403 544 1441 574 et
1474 534 1561 574 inde
1578 535 1832 587 sequenteex-

527 602 695 642 tensione
728 600 905 642 fibrarum
939 600 1178 641 circularium
1215 598 1262 654 (§.
1290 612 1304 636 1
1322 597 1408 653 ¹-);
1441 597 1741 649 angul‘tationcm
1766 610 1834 638 ve-

529 677 575 707 ro
607 677 684 704 non
718 665 757 704 in
789 665 940 704 istarum
974 663 1206 703 relaxatione
1226 695 1236 712 ,
1271 661 1329 702 sed
1363 663 1402 701 in
1435 660 1568 700 harum
1601 661 1755 700 naturali
1774 674 1833 701 re-

530 728 718 769 stitutione
761 725 817 783 (§.
845 726 941 782 26.)
982 726 1280 779 quaesiuerimus.
1313 725 1425 764 Vnde
1458 736 1599 763 nouum
1632 724 1831 776 problema

529 791 707 844 emergit.
772 792 882 847 Quae
925 789 975 830 est
1017 789 1137 829 caussa
1160 819 1172 840 ‚
1213 789 1314 842 quod
1355 787 1525 827 illabente
1559 788 1734 839 pauciore
1776 789 1831 829 lu-

528 855 638 895 mine
671 854 733 893 iris
765 867 786 894 a
817 854 920 894 lente
959 853 1167 904 crystallina
1199 851 1375 903 recedat,
1417 861 1453 890 ct
1493 862 1672 890 corneam
1712 852 1836 892 versus

530 915 803 971 protrudaturZ
836 917 1002 958 Obiicies
1034 915 1151 956 forliin
1173 948 1183 966 ‚
1226 927 1292 954 nos
1334 914 1403 954 hac
1438 912 1626 952 methodo
1658 913 1754 954 nihil
1773 914 1835 954 rel

533 993 668 1034 parum
702 979 916 1032 profecisse,
955 991 1071 1032 aeque
1103 979 1207 1018 enim
1225 977 1378 1017 difficile
1398 977 1492 1027 effe,
1526 976 1714 1017 rationem
1750 979 1835 1019 red-

536 1044 653 1095 dere,
686 1055 799 1096 quare
832 1044 922 1094 iris,
954 1042 1128 1082 illabente
1162 1043 1312 1081 minore
1353 1041 1440 1080 lucis
1480 1039 1645 1079 claritate
1687 1051 1835 1093 protru·

534 1106 641 1146 datur
662 1136 672 1155 ‚
705 1118 818 1159 quam
852 1104 1053 1146 satisfacere
1086 1105 1259 1158 antiquae
1293 1103 1523 1157 quaestioni:
1560 1114 1670 1155 quare
1709 1104 1837 1156 positis

532 1168 664 1208 iisdem
689 1198 699 1218 ‚
748 1169 863 1209 fibrae
908 1179 1059 1209 carneae
1099 1168 1382 1220 longitudiuales
1420 1165 1700 1206 contrahantur.
1780 1169 1837 1208 At

534 1244 629 1272 vero
648 1263 658 1282 ‚
695 1232 837 1284 primns
870 1232 915 1272 ad
949 1232 1146 1271 veritatem
1179 1230 1321 1283 gressus
1352 1231 1403 1270 est
1423 1262 1433 1281 ,
1467 1241 1636 1268 errorem
1660 1230 1836 1282 agnosce-

535 1307 588 1336 re.
652 1292 751 1334 Cum
786 1295 878 1335 nulli
911 1294 1002 1335 tales
1033 1295 1165 1334 dentur
1197 1294 1374 1334 musculi:
1410 1293 1498 1346 quid
1530 1293 1643 1344 igitur
1674 1294 1712 1332 in
1753 1295 1836 1334 red-

535 1358 657 1398 denda
688 1357 810 1397 caussa
841 1359 922 1410 rei,
954 1358 1072 1411 qualis
1104 1357 1202 1397 nulla
1233 1357 1283 1397 est
1302 1388 1312 1407 ,
1346 1357 1526 1397 inutiliter
1559 1356 1662 1395 anxii
1683 1355 1836 1398 sumus?

535 1420 599 1460 De
631 1421 854 1461 difficultate
887 1432 1012 1461 autem
1048 1422 1236 1473 vtriiisque
1264 1419 1515 1474 ’problematis
1547 1419 1644 1458 inter
1676 1419 1709 1459 st:
1727 1433 1837 1461 com-

535 1485 697 1538 paranda
730 1496 847 1523 nemo
887 1485 1044 1524 iudicare
1078 1485 1248 1537 poterit,
1292 1483 1358 1524 nisi
1399 1483 1462 1536 qui
1504 1492 1702 1535 x'tramque
1743 1483 1834 1524 solu-

538 1549 686 1587 tionem
729 1549 951 1598 remanent,
999 1549 1099 1599 quod
1140 1557 1269 1586 tamen
1312 1560 1331 1586 a
1371 1545 1550 1599 quopiam
1604 1545 1835 1599 Pliysiologo

536 1609 674 1649 {achim
710 1609 813 1661 effe,
847 1611 944 1651 milii
977 1621 1221 1663 compertum
1257 1622 1333 1649 non
1366 1610 1429 1649 est.
1498 1607 1591 1647 Non
1627 1609 1756 1661 loquor
1788 1611 1834 1649 dc

538 1671 657 1712 causs'a
690 1672 822 1724 finali,
858 1674 914 1713 led
949 1673 1113 1725 physica.
1181 1672 1295 1715 Dabo
1336 1685 1410 1725 ego
1450 1670 1682 1710 difficultatis
1723 1670 1837 1726 speci-

538 1748 644 1776 men.
712 1735 845 1775 Motns
878 1746 978 1775 certe
1011 1737 1159 1775 istarum
1178 1733 1633 1775 fibrarummulcularium
1656 1767 1665 1785 ,
1699 1734 1724 1774 si
1743 1748 1836 1788 quae

538 1800 643 1852 lunt,
678 1798 786 1850 plane
819 1799 1080 1838 inuoluntmius
1111 1798 1176 1838 est.
1241 1799 1332 1838 Eius
1365 1798 1476 1850 igitur
1501 1796 1769 1837 determinatio
1783 1810 1834 1838 cx

537 1862 696 1901 cerebro
760 1861 870 1900 debet
934 1860 1132 1913 proficisci.
1199 1862 1300 1916 Quid
1365 1873 1460 1900 vcro
1509 1860 1562 1899 cst
1595 1860 1679 1901 illid
1700 1893 1709 1911 ,
1734 1862 1837 1914 quod

536 1925 734 1964 cerebrum
768 1926 813 1964 ad
848 1924 944 1964 lianc
977 1925 1333 1964 dcterminatimitm
1370 1921 1577 1963 lollicitat?
1610 1922 1650 1963 Si
1671 1923 1837 1964 eauss‘am

537 1990 576 2027 in
612 1988 847 2041 prouidentia
882 1989 1019 2027 nentis
1051 1987 1298 2039 quaesiucris·⁷
1335 1987 1472 2026 nodum
1508 1987 1662 2040 quidem
1687 1987 1837 2038 scindes,

537 2063 614 2092 non
650 2051 777 2093 solues.
844 2050 911 2093 Sin
945 2051 1226 2106 impressioncm
1262 2050 1324 2091 vel
1356 2051 1547 2091 aetiontm
1571 2051 1839 2093 radici-nmiu-

1781 2126 1835 2154 cis
