2044 2735
321 865 390 894 Tab.
424 867 487 895 ΧΠ.

345 905 392 943 lig.
416 915 444 943 7.

530 123 551 158 3
562 120 618 156 54
651 99 992 146 ΤΕΝΤΑΜΕΝ
1010 96 1368 142 ΕΧΡιΙσΑΝΒι
1385 94 1831 142 DJLATAHONEM

521 223 665 261 xlmam
685 221 721 258 in
741 218 1020 272 propinquitate
1031 228 1192 257 corneae
1215 216 1352 255 erit:
1369 228 1387 253 r
1413 230 1419 254 :
1442 227 1459 253 1
1484 220 1496 263 ξ
1515 224 1555 255 et
1572 227 1655 255 area
1665 214 1830 269 pupillae

521 285 681 324 minima
699 282 743 321 ad
763 282 977 322 maximam
999 281 1068 320 erit
1086 293 1142 318 z
1159 292 1175 317 1
1195 294 1200 318 :
1226 292 1248 317 2
1273 286 1304 327 {f
1315 291 1427 333 quam
1453 280 1651 332 proxime.
1669 278 1713 318 ld
1729 278 1831 333 quod

520 358 605 387 cum
624 345 858 398 experientia
892 345 1039 396 egregie
1072 344 1262 383 conuenit.

635 410 669 457 ξ.
710 419 778 455 13.
814 406 1015 461 Supposita
1038 406 1203 460 pupillae
1236 406 1431 447 fluctuatio
1449 404 1545 446 aliud
1567 415 1756 459 praeterea
1774 406 1834 446 ad-

524 472 746 512 miniculum
788 472 879 511 visui
923 472 1057 522 affert,
1098 470 1200 524 quod
1240 470 1382 511 etiamsi
1425 469 1609 522 exiguum
1647 470 1719 519 sit,
1754 482 1832 509 non

526 545 657 575 tamen
697 536 808 588 plane
849 534 987 587 negligi
1029 534 1152 574 debet.
1228 532 1267 574 Si
1308 535 1413 573 enim
1448 533 1587 587 pupilla
1622 534 1660 573 iii
1693 533 1835 573 eodem

525 599 593 639 situ
627 598 817 652 proximo
851 607 1022 638 maneret
1055 596 1220 650 respmstu
1254 597 1423 637 humoris
1455 596 1677 648 crystallini,
1713 595 1834 636 fiircnt

524 674 630 702 areae
673 662 767 700 intra
810 660 964 701 oculum
1009 660 1237 700 illuminatae
1276 661 1313 699 in
1353 661 1500 700 ratione
1542 659 1833 712 amplitudinum

524 725 705 778 pupillae.
771 724 938 780 Quando
970 734 1100 764 autem
1135 724 1198 762 iris
1234 724 1279 763 ab
1313 724 1477 763 humore
1518 723 1733 773 crystallino
1775 736 1834 763 re-

521 789 651 838 cedit,
687 798 756 842 per
786 788 944 828 eandem
977 796 1191 840 aperturam
1227 788 1350 827 maior
1388 788 1580 827 radiorum
1625 787 1737 839 copia
1780 799 1832 826 ex

523 863 687 904 corpore
728 850 918 890 luminoso
958 851 1180 903 excipitur,
1228 860 1267 889 et
1307 851 1429 890 maior
1467 862 1555 889 area
1584 850 1831 890 illuminatur.

523 913 582 955 Sit
626 915 730 953 enim
763 911 843 952 CC
876 914 1058 954 diameter
1090 913 1256 966 pupillae
1291 926 1413 966 prope
1448 913 1648 953 humorem
1683 913 1836 963 crystal-

522 978 641 1018 linum
677 977 841 1031 positae,
876 987 916 1016 et
947 976 1216 1029 consequenter
1247 989 1330 1016 area
1363 976 1594 1016 illuminatae
1627 989 1677 1015 Ξ
1698 989 1711 1013 1
1733 981 1743 1022 ζ
1766 977 1831 1016 lin.

521 1041 565 1082 sit
598 1041 662 1080 PP
701 1041 836 1080 cadem
870 1040 1054 1080 diameter
1086 1039 1252 1093 pupillae
1283 1039 1460 1079 dilatatae
1480 1072 1490 1090 ,
1524 1039 1582 1078 led
1616 1040 1662 1079 ab
1693 1039 1835 1079 humo-

521 1116 563 1143 re
604 1103 816 1154 crystallino
855 1112 1028 1143 remotae
1069 1103 1116 1143 ad
1158 1102 1363 1143 distantiam
1407 1104 1621 1143 maximam
1657 1100 1788 1142 CF:
1810 1117 1827 1142 1

522 1167 586 1206 lin.
653 1166 738 1207 Sint
772 1164 876 1219 OC,
895 1166 992 1217 ΟΡ,
1014 1166 1098 1208 OR
1132 1166 1225 1206 radii
1256 1167 1428 1220 corporis
1460 1165 1633 1205 luminosi
1659 1166 1697 1206 O
1716 1168 1760 1207 ad
1780 1167 1836 1208 di-

523 1230 694 1270 stantiam
731 1243 751 1269 a
782 1242 922 1270 cornea
953 1230 1017 1270 sex
1053 1229 1234 1282 pollicum
1256 1263 1266 1281 ,
1299 1243 1368 1283 qua
1405 1229 1628 1284 plerumque
1667 1243 1833 1284 myopes

522 1294 671 1347 objeeta
705 1293 926 1346 intuentur;
961 1294 1030 1334 erit
1061 1294 1145 1335 RR
1179 1293 1365 1333 diameter
1407 1305 1514 1333 areae
1554 1305 1624 1345 per
1666 1294 1833 1334 foramen

523 1367 714 1397 remotum
759 1357 836 1398 PP
877 1357 1122 1398 illuminatae.
1196 1356 1264 1396 Est
1305 1367 1430 1397 autem
1465 1356 1831 1398 OP:OR:PP:

524 1420 615 1471 RR,
636 1423 691 1458 60
714 1420 777 1460 lin:
810 1435 827 1459 1
844 1420 930 1469 glin.
944 1423 1060 1460 :61
1078 1435 1086 1459 ;
1104 1433 1120 1458 1
1141 1424 1174 1471 ζ,
1195 1424 1240 1468 ⁶¹³·
1273 1420 1379 1473 Ergo
1395 1421 1579 1460 diameter
1597 1421 1670 1462 RR
1690 1421 1830 1461 diame-

526 1492 629 1524 trum
663 1481 734 1522 CC
769 1496 840 1524 vna
875 1483 995 1523 fiiltim
1029 1483 1254 1536 sexagesima
1281 1493 1387 1536 parte
1406 1485 1513 1524 vuius
1528 1484 1648 1524 lineae
1664 1487 1833 1526 excedit.

642 1546 676 1596 ξ.
718 1559 785 1597 14.
822 1546 1015 1588 Hactenus
1046 1547 1094 1586 de
1126 1547 1372 1587 fluctuatione
1416 1547 1516 1587 iridis
1555 1558 1594 1586 et
1635 1547 1724 1587 liinc
1767 1549 1834 1587 de-

526 1610 715 1662 pendente
746 1611 911 1663 pupillae
944 1610 1163 1650 dilatatione
1196 1610 1418 1663 simpliciter
1450 1611 1615 1662 egimus,
1650 1612 1754 1650 nullo
1775 1624 1827 1650 re-

525 1672 651 1725 spectu
687 1673 817 1712 habito
851 1673 968 1713 medii
1004 1673 1160 1726 aquosi,
1196 1674 1257 1714 cui
1292 1673 1355 1713 illa
1388 1675 1557 1713 innatat:
1595 1686 1691 1713 nunc
1736 1687 1830 1715 vero

524 1737 640 1774 etiam
677 1735 986 1776 considerabimus
1009 1767 1019 1786 ‚
1052 1736 1168 1788 qualis
1198 1736 1361 1775 mutatio
1380 1735 1546 1789 pupillae
1564 1749 1745 1789 apparere
1765 1738 1830 1777 de-

525 1798 608 1838 beat
632 1829 644 1846 ,
676 1798 767 1837 dum
803 1799 862 1837 illa
893 1809 990 1838 trans
1023 1798 1225 1838 humorem
1258 1811 1416 1852 aqueum
1454 1798 1693 1851 conspicitur.

642 1861 674 1908 ξ.
717 1874 786 1910 14.
821 1862 934 1915 Prop.
970 1860 1042 1901 VI.
1077 1861 1298 1901 Membrana
1340 1875 1476 1901 cornea
1516 1863 1566 1902 est
1611 1864 1830 1905 membrana

525 1924 625 1964 oculi
660 1926 825 1964 anterior
859 1924 1037 1978 pellucida
1058 1957 1068 1975 ,
1101 1925 1225 1964 radios
1258 1925 1344 1964 lucis
1375 1926 1410 1964 in
1445 1926 1598 1965 oculum
1639 1930 1828 1969 tran>mit

526 1998 607 2027 tens
627 2020 636 2037 ,
671 1987 808 2039 figurae
842 2000 1229 2028 connexo-concanae
1252 2001 1261 2040 3
1297 2001 1366 2028 vna
1401 2002 1489 2028 cum
1512 1989 1677 2030 liumore
1696 2005 1830 2044 nqueo,

525 2063 638 2104 quem
679 2050 941 2091 circumscribit
982 2061 1021 2090 et
1066 2064 1155 2090 cum
1199 2051 1291 2091 iride
1330 2061 1523 2107 tamquam
1562 2066 1653 2094 cum
1686 2055 1829 2095 chorda

525 2115 727 2155 sectionem
749 2114 924 2170 spliaerae
941 2115 1216 2170 repraesentans
1700 2118 1732 2165 §.
1757 2121 1825 2158 16.
