2044 2735
538 122 628 169 426
784 114 864 157 DE
901 111 1212 156 ALCIBIADE
1245 112 1611 156 CERTAMINIS

540 230 745 270 vocabatur
792 228 948 268 filtrum.
1015 227 1172 266 Videtur
1219 237 1348 266 autem
1393 239 1472 265 non
1504 227 1601 267 adeo
1635 226 1858 266 adstrc‘tum

539 295 625 333 vrbi
660 292 792 333 fuisse:
828 292 915 346 quia
951 291 1130 331 Arrianus
1159 300 1352 330 certamen
1388 291 1478 331 illud
1512 289 1704 330 scenicum
1727 291 1862 342 Aegis,

541 359 578 398 id
611 358 663 397 est
694 355 882 407 Edessiie,
918 356 1020 408 regia
1054 353 1194 394 scilicet
1213 354 1471 394 Macedonum
1510 354 1626 404 vrbe,
1661 353 1860 407 perac‘tum

542 421 727 462 testatur:
771 420 810 459 in
851 431 926 472 quo
959 419 1143 471 discrepat
1174 429 1195 457 a
1228 416 1410 459 Diodoro
1430 451 1440 470 ,
1474 419 1535 471 qui
1570 416 1695 458 Dium
1729 417 1862 458 diserte

549 486 677 538 ponit.
744 483 860 524 Forte
892 482 942 524 fic
974 481 1202 522 conciliandi
1235 493 1343 521 erunt
1363 514 1372 532 ,
1405 483 1506 535 quod
1541 481 1757 521 sacrificinm
1792 480 1863 521 Dii

541 548 583 588 in
617 548 769 601 templo
801 546 905 587 Iouis
936 545 1115 599 Olympii
1150 545 1344 598 peractum
1366 577 1377 596 ,
1412 545 1486 585 ludi
1521 555 1645 585 autem
1666 578 1675 595 ,
1711 545 1862 585 maioris

541 611 829 653 commoditatis
860 609 963 649 causa
997 611 1036 649 in
1068 607 1142 662 ipfit
1172 608 1254 648 [ede
1272 611 1373 660 regia
1394 642 1404 660 ,
1439 609 1548 650 omni
1571 607 1860 648 necessariarum

543 677 590 716 ad
622 673 946 728 magnificentiam
981 684 1018 713 et
1049 673 1160 713 decus
1192 684 1320 712 rerum
1361 674 1475 726 copia
1510 673 1629 725 magis
1661 672 1860 722 affluente,

542 739 697 780 instituti
730 736 881 778 fixerint.

659 801 842 844 Alterum
861 833 872 853 ,
914 800 963 840 de
1002 812 1079 854 quo
1120 808 1278 853 propter
1311 798 1549 839 Alcibiadem
1584 799 1716 839 dubito
1737 831 1747 849 ,
1780 798 1859 841 hoc

543 866 627 918 est,
665 865 851 907 fuerintne
894 865 1020 905 exteri
1063 863 1108 903 ad
1142 863 1231 903 illud
1264 861 1405 902 sacrum
1440 863 1588 902 inuit-,iti
1623 873 1664 902 et
1697 863 1857 904 admissi.

545 927 663 970 Certe
713 927 910 969 Diodorus
962 927 1159 980 copiarum
1211 936 1358 966 tantum
1408 925 1522 965 duces
1565 934 1605 964 et
1646 928 1858 968 amicornm

543 994 771 1048 praecipuos
812 992 922 1032 initio
962 999 1272 1031 commemorat:
1314 989 1451 1029 deinde
1492 998 1621 1029 autem
1655 989 1695 1029 in
1728 1002 1862 1031 recen-

543 1057 661 1098 sendo
701 1055 868 1096 conuiuii
917 1064 1099 1108 apparatu
1138 1048 1299 1102 σκηνήν
1338 1050 1669 1095 ἑκατοντάκλινσν
1691 1084 1702 1106 ,
1742 1055 1863 1096 taber·

545 1120 724 1161 naculum
765 1117 1017 1171 magnificum
1036 1150 1048 1169 ,
1080 1127 1239 1158 centum
1273 1118 1451 1157 conuiuas
1483 1117 1634 1171 capiens
1653 1150 1664 1169 ‚
1697 1117 1762 1157 vbi
1797 1131 1865 1158 ne·

546 1183 748 1236 cess-arios,
781 1183 971 1236 ducesque
1008 1190 1049 1221 et
1081 1182 1281 1221 ciuitatum
1324 1182 1468 1234 legatos
1499 1183 1687 1234 excepit3
1722 1181 1865 1224 scilicet

547 1248 611 1302 qui
644 1258 732 1288 tunc
764 1245 861 1287 rniffi
893 1247 939 1287 ad
969 1257 1058 1285 eum
1092 1254 1296 1296 venerant,
1329 1257 1373 1284 vt
1404 1244 1452 1284 de
1485 1244 1586 1285 bello
1616 1244 1730 1285 Persis
1753 1258 1866 1286 com-

549 1312 658 1352 muni
700 1308 942 1353 Graecorum
987 1308 1144 1349 nomine
1185 1307 1382 1349 inferendo
1425 1308 1688 1348 deliberarent.
1755 1307 1865 1350 Idem

549 1373 844 1417 D10DORVS
864 1406 875 1426 ‚
908 1373 975 1413 vbi
1006 1371 1093 1413 Lib.
1128 1372 1245 1414 XVI.
1282 1370 1448 1412 recenset
1481 1371 1730 1425 magnificum
1749 1385 1868 1426 appa-

550 1449 676 1480 ratum
695 1471 708 1491 ‚
740 1451 818 1493 quo
850 1436 1072 1490 Philippus,
1106 1445 1210 1489 pater
1243 1435 1490 1487 Alexandri,
1523 1448 1642 1489 nuper
1674 1435 1753 1475 dux
1780 1436 1867 1477 belli

548 1504 588 1542 in
619 1502 742 1543 Persas
774 1500 991 1554 suscipiendi
1022 1499 1226 1540 declaratus
1259 1500 1401 1552 legatos
1433 1509 1472 1540 et
1505 1497 1671 1554 hospites
1697 1498 1868 1541 Graecos

550 1565 710 1607 studiose
741 1566 917 1606 inuitatos
948 1563 1147 1616 exceperit
1167 1595 1178 1614 ‚
1211 1562 1442 1616 nuptialique
1474 1561 1567 1602 sesto
1597 1563 1695 1602 filiae
1714 1562 1759 1602 ad
1779 1575 1869 1604 mo-

549 1629 683 1682 verit3
716 1641 794 1683 quo
833 1639 996 1669 omnem
1028 1626 1333 1667 beneuolentiam
1367 1638 1455 1679 erga
1488 1624 1660 1666 Graecos
1691 1635 1801 1678 atque
1821 1627 1870 1666 si-

550 1692 636 1732 ·mul
666 1692 907 1746 splendorem
947 1690 1050 1730 aulae
1080 1691 1163 1730 suae
1193 1690 1379 1729 ostentare
1419 1689 1624 1741 cupiebat,
1657 1688 1762 1728 ludos
1794 1689 1866 1729 sce-

553 1755 663 1795 nicos
694 1764 735 1795 et
765 1754 928 1794 muslcos
958 1761 1131 1797 tantum.v
1170 1752 1292 1791 nullos
1324 1761 1453 1791 autem
1472 1752 1674 1803 gymnicos
1692 1761 1732 1791 ct
1750 1765 1867 1806 eque·

554 1818 641 1859 stres
672 1818 830 1858 indicat:
863 1816 1012 1869 prorsus
1042 1824 1085 1854 vt
1102 1813 1291 1854 dubitandi
1311 1813 1421 1854 iustus
1451 1813 1554 1854 locus
1573 1814 1638 1865 fit,
1659 1826 1867 1870 vmquam-

554 1894 604 1923 ne
637 1881 874 1924 Macedones
903 1879 1107 1919 certamina
1140 1878 1281 1917 curulia
1313 1879 1409 1930 apud
1444 1877 1478 1917 sc
1512 1878 1749 1919 instituerint.

670 1945 788 2002 Quod
822 1941 989 1984 Athenis
1025 1940 1214 1994 Olympia
1255 1942 1418 1991 luerint,
1457 1941 1672 1994 neutiquam
1707 1942 1867 1983 dubitari

556 2009 713 2064 potest,
745 2020 861 2062 quum
892 2005 1022 2046 multis
1058 2004 1209 2045 testibus
1247 2005 1284 2044 id
1318 2004 1474 2045 constet.
1540 2005 1596 2045 At
1637 2018 1732 2045 vcro
1774 2007 1866 2047 inso-

555 2073 638 2115 lens
682 2072 775 2116 ess‘et
824 2070 889 2113 vel
928 2069 1126 2125 suspicari,
1158 2068 1260 2124 quod
1308 2068 1436 2110 curule
1485 2078 1678 2110 certamen
1718 2070 1759 2111 in
1797 2070 1870 2110 illis

1792 2132 1871 2174 fuc-
