2044 2735
202 121 377 170 SVPER
423 124 623 171 PLANO
664 122 1079 171 HORIZONTALI
1112 125 1375 174 ASPERRO
1426 141 1515 182 227

197 238 328 283 Simili
362 242 485 282 modo
519 252 669 284 motum
711 242 943 283 rotatorium
985 242 1253 296 cognoscemus
1298 243 1512 285 abstrahen-

197 306 250 344 do
303 316 474 346 mentem
517 320 538 346 a
580 317 691 347 motu
726 305 959 359 progr-effluo
980 339 989 357 ‚
1041 310 1100 346 teu
1132 307 1234 360 quod
1254 308 1390 349 eodem
1412 309 1511 349 redit

197 368 378 421 fingendo
409 380 561 409 motum
595 368 826 423 progrelliuo
860 369 1095 409 contrarium
1128 380 1237 423 atque
1278 372 1508 425 aequalem,

197 445 274 485 quo
307 432 423 485 pacto
459 433 547 473 (blus
579 444 708 473 morus
751 433 957 472 rotator-ius
1000 434 1208 485 iupererit,
1243 435 1305 486 qui
1348 436 1506 489 cognos-

198 506 303 535 cetur
336 508 386 535 ex
404 495 595 536 celeritate
615 529 625 546 ,
657 509 728 550 qua
771 495 960 548 punctum
992 496 1166 548 corporis
1181 496 1270 535 dato
1303 498 1507 541 interuallo

197 560 243 598 ab
275 570 349 598 axe
380 559 515 599 distans
547 561 644 599 circa
677 550 795 598 airem
830 568 978 599 rotatur
998 588 1009 608 ‚
1047 558 1159 598 adiici
1186 568 1333 600 tantum
1361 562 1503 614 debet,

196 623 235 661 in
280 631 402 661 vtram
444 623 603 662 duarum
663 621 810 661 illarum
871 621 1069 675 plagarum
1090 651 1100 671 ,
1143 621 1184 661 in
1234 635 1323 676 quas
1374 634 1504 667 motus

193 686 392 724 rotator-ius
423 696 538 737 aeque
572 684 655 725 fieri
687 683 844 739 potest,
878 685 965 726 actu
997 697 1138 738 corpus
1172 686 1406 729 rotationem
1439 689 1500 730 ab·

192 747 316 788 toluat.

308 811 341 859 ξ.
376 825 443 851 11.
482 814 552 854 His
585 813 771 867 expositis
812 826 906 867 quae
938 814 983 853 ad
1017 813 1150 854 statum
1184 827 1394 869 corporum
1414 849 1425 868 ,
1459 817 1499 858 in

187 886 264 927 quo
298 876 339 915 xi
372 878 528 931 propria
562 879 795 930 perieuerare
817 875 994 930 possunt,
1030 879 1224 930 pertinent
1243 910 1255 930 ‚
1292 880 1501 921 videndum

187 938 242 978 est
276 938 458 993 breuiter,
478 941 803 995 quemadmodum
838 949 916 980 tam
948 949 1076 980 motus
1109 941 1358 994 progressiuus
1384 956 1499 996 quam

189 1004 390 1043 rotatorius
422 1018 443 1044 a
474 1004 618 1045 viribus
651 1004 933 1044 sollicitantibus
967 1001 1156 1044 afficiatur
1188 1005 1497 1058 atqucimmute-

189 1076 260 1104 tur.
328 1068 444 1123 Quod
480 1069 649 1122 primum
684 1067 836 1120 quidem
873 1068 918 1107 ad
951 1076 1105 1108 motum
1140 1068 1415 1121 progresliunm
1443 1079 1494 1109 at-

186 1129 283 1168 tinet
316 1131 474 1172 effeetus
493 1164 503 1182 ,
535 1143 652 1184 quem
686 1131 789 1170 vires
822 1143 1089 1184 quaecunquae
1134 1131 1373 1172 sollicitantes
1403 1145 1500 1174 exe-

185 1197 566 1247 runtcognolcenlr,
601 1194 627 1234 si
646 1193 778 1247 primo
812 1204 939 1234 totum
975 1194 1170 1246 corpusiu
1204 1203 1341 1234 centro
1372 1196 1497 1247 graui-

186 1255 270 1296 tatis
302 1259 541 1310 concipiatur
576 1266 863 1297 concentratum
885 1290 896 1309 ,
928 1264 973 1295 vt
1007 1256 1119 1296 instar
1154 1257 1283 1309 puncti
1327 1258 1488 1310 spec'tari

184 1329 296 1374 queat
318 1351 327 1367 ,
363 1333 404 1360 ae
437 1321 574 1361 deinde
607 1332 743 1361 omnes
775 1322 875 1361 vires
918 1319 1154 1360 sollicitantes
1185 1321 1224 1360 in
1267 1321 1493 1363 direc‘tioni-

184 1384 250 1423 bus
283 1383 348 1424 sibi
382 1385 569 1437 parallelis
603 1384 641 1424 in
676 1394 848 1424 centrum
882 1383 1075 1436 grauitatis
1107 1394 1241 1424 mente
1273 1385 1495 1426 transferan-

182 1456 252 1487 tur.
303 1449 406 1488 Tum
440 1448 541 1488 enim
583 1447 655 1488 hae
690 1448 788 1488 vires
821 1447 1012 1488 translatae
1045 1448 1084 1487 in
1117 1459 1257 1500 corpus
1290 1449 1328 1487 in
1362 1459 1495 1490 centro

180 1511 372 1564 grauitatis
429 1511 636 1551 collee‘tum
687 1511 851 1552 eundem
899 1520 1059 1550 exerent
1109 1510 1291 1551 effectum
1346 1513 1494 1552 ratione

180 1585 310 1615 motus
351 1575 599 1628 progreffiui,
642 1576 705 1628 qui
749 1575 909 1628 proinde
963 1586 1015 1613 ex
1067 1574 1200 1627 primis
1249 1574 1494 1616 mechanicae

175 1639 374 1692 principiis
410 1639 538 1691 colligi
584 1639 738 1690 poterit.
806 1637 977 1679 Effectus
1009 1637 1147 1678 scilicet
1182 1638 1244 1677 vel
1286 1639 1323 1677 in
1362 1640 1492 1679 celeri-

176 1702 261 1741 tatis
296 1702 358 1741 vel
392 1702 612 1742 directionis
654 1702 716 1742 vel
749 1703 938 1755 Vtriusque
978 1700 1087 1741 simul
1126 1701 1333 1742 mutatione
1372 1703 1493 1743 consi-

174 1765 258 1806 stet.
326 1765 479 1806 Scilicet
512 1767 538 1807 fi
571 1777 706 1805 omnes
739 1766 840 1805 vires
889 1763 1122 1804 resoluantur
1164 1765 1203 1804 in
1238 1766 1488 1817 tangentiales

173 1838 212 1868 et
246 1828 434 1869 normales
465 1830 512 1869 ad
545 1829 796 1870 directionem
833 1839 992 1878 motus,
1025 1839 1137 1881 atque
1170 1828 1315 1868 stimma
1336 1840 1485 1882 tangen-

176 1891 323 1932 tialium
366 1902 527 1944 ponatur
554 1906 607 1932 :z
636 1892 685 1934 T.
731 1892 876 1932 summa
923 1892 1156 1932 normalium
1184 1905 1240 1931 Ξ
1268 1891 1324 1933 N.
1380 1894 1484 1933 Tum

175 1965 272 1993 vero
306 1953 420 1994 mafl‘a
454 1957 626 2009 corporis
660 1956 705 1995 sit·
733 1968 786 1994 :-
818 1956 879 1997 Μ.
934 1956 1085 2008 eiusque
1134 1956 1306 1995 celeritas
1359 1956 1485 1995 debita

175 2018 362 2056 altitudini
395 2031 435 2057 v.
475 2031 514 2057 ac
548 2020 786 2072 tempusculo
818 2020 986 2060 minimo
1026 2019 1186 2072 spatium
1229 2019 1290 2059 ds
1324 2019 1488 2058 absolua-

174 2096 263 2129 tur:
300 2089 368 2128 erit
403 2089 459 2128 vti
503 2089 646 2130 constat
678 2091 820 2131 dv:
845 2094 904 2146 ᾗ
934 2076 1021 2143 ³71}ss
1056 2099 1168 2144 atque
1211 2089 1333 2131 radius
1373 2088 1484 2127 osculi

746 2153 776 2193 F
810 2151 834 2191 f
859 2164 884 2192 2
1414 2151 1483 2190 lin·
