2044 2735
184 98 435 147 CVRVLIS
453 97 735 146 OLrMPmt
754 96 915 144 APVD
932 98 1112 145 ELEOS
1130 97 1389 148 VICTORE
1417 115 1471 155 μ
1483 114 1511 155 3

305 219 424 260 Erant
460 220 580 273 itaque
614 219 653 260 in
686 219 871 261 eiusmodi
902 221 1006 262 sacro
1041 230 1079 261 et
1111 221 1285 274 religioso
1305 231 1511 275 conuentu,

189 280 476 340 (ταπήγυξιν
524 296 662 324 vocare
705 282 844 326 Graeci
886 284 1071 339 solent,)
1107 286 1218 338 aliqui
1251 286 1406 338 publico
1440 298 1512 326 no-

188 349 295 387 mine
330 361 349 387 a
384 348 594 388 ciuitatibus
630 347 750 397 mini,
785 349 848 400 qui
868 361 1039 401 pompae
1067 360 1214 401 partem
1243 350 1511 392 constituerent

188 421 228 451 ct
264 411 371 452 [acris
404 409 651 452 intereffeut:
694 422 803 463 atque
837 411 878 451 hi
909 412 1061 465 quidem
1097 408 1235 467 θεωξέῐν
1267 411 1395 452 stric'to
1430 413 1510 453 iure

188 475 437 527 dicebantur3
474 483 717 528 praeeratque
752 473 824 513 illis
858 475 1010 527 publico
1041 475 1159 514 etiam
1189 476 1348 514 nomine
1382 476 1510 516 missus

185 538 339 594 Θεωξιειν
374 537 522 593 ἄγων.
591 538 752 590 Hocque
791 549 930 578 munus
962 538 1028 578 fibi
1064 537 1299 591 potissimum
1333 538 1509 590 deposce-

188 602 276 642 bant
321 603 537 644 nobiliss'imi
580 612 619 640 et
660 600 941 652 locupletissimi
987 602 1168 654 iuuenes,
1203 603 1265 655 qui
1299 603 1510 655 magnifico

186 666 418 719 splendore,
460 678 536 719 quo
579 665 678 705 hanc
717 661 859 704 fitcram
903 666 1140 719 legationem
1180 666 1392 718 ornabant,
1426 667 1506 720 glo-

186 730 285 770 riam
319 731 384 771 sibi
419 734 515 770 iuter
548 741 685 769 omnes
719 723 889 769 Graecos
927 740 967 770 et
1000 729 1170 770 fauorem
1212 730 1370 770 ciuitatis
1401 743 1506 783 para-

186 793 277 834 bant
296 827 308 846 ,
341 793 442 834 vnde
476 794 515 835 in
548 792 756 833 honoribus
789 793 962 846 petendis
992 792 1307 847 proueherentur.
1373 791 1449 834 Sed
1469 805 1510 836 et

187 868 293 897 crant
327 857 544 910 complures
579 857 722 909 priuata
754 858 898 909 pietate
938 856 1004 897 vel
1034 857 1245 897 curiositate
1287 856 1360 896 huc
1394 859 1507 899 addu-

187 921 269 973 c‘ti,
304 921 368 961 vel
400 920 597 961 mercandi
630 919 866 973 potiffimum
908 920 1095 962 defiderio
1130 921 1338 974 pertracti:
1375 922 1511 974 quibus

186 985 213 1025 si
249 984 420 1024 theoriae
456 985 650 1025 honorem
685 996 765 1024 non
799 985 967 1026 adimere
1001 985 1163 1025 omnino
1201 985 1324 1039 licet,
1357 985 1433 1025 alio
1453 996 1509 1028 ta-

186 1060 302 1099 men,
337 1059 375 1088 ct
397 1049 523 1089 latiori
549 1047 648 1088 sensu
683 1048 923 1088 tribuendum
965 1047 1041 1088 effe
1060 1059 1205 1089 certum
1224 1048 1290 1088 est.
1327 1048 1509 1091 Tandem

186 1125 339 1166 quoque
372 1124 478 1153 erant
509 1123 678 1152 coronae
710 1112 934 1166 olympicae
954 1143 966 1164 ‚
1001 1113 1116 1153 variis
1149 1113 1403 1154 certaminum
1437 1126 1508 1167 ge-

187 1176 338 1216 neribus
369 1176 613 1229 acquirendae
634 1207 645 1227 ,
677 1176 898 1229 candidati3
936 1177 1134 1230 dequibus
1167 1176 1314 1227 dubito,
1352 1177 1504 1230 possint-

186 1252 235 1280 ne
280 1239 505 1280 theororum
546 1241 706 1280 nomine
745 1240 929 1280 decorari.
997 1241 1078 1281 Etfi
1121 1241 1224 1280 enim
1267 1241 1507 1294 spectacula,

186 1316 279 1357 quae
310 1304 539 1344 decertando
573 1304 760 1354 edebant,
793 1305 996 1344 numinum
1030 1304 1173 1344 honori
1205 1305 1508 1358 imputabantur,

186 1369 422 1422 omninoque
480 1380 565 1421 pars
603 1367 765 1421 religiosi
804 1367 924 1408 cultus
966 1377 1101 1409 erant:
1144 1380 1222 1408 non
1253 1369 1417 1410 memini
1450 1380 1504 1410 ta-

187 1444 283 1473 men
316 1432 431 1472 vllius
464 1431 654 1483 auctoris,
687 1431 752 1484 qui
772 1463 782 1483 ,
816 1431 864 1472 de
894 1431 1205 1473 exercitatoribus
1235 1432 1509 1485 istisbagendO,

186 1496 276 1536 illos
307 1496 345 1534 in
379 1495 605 1536 theororum
635 1507 841 1536 munerum
873 1495 1069 1547 retulerit,
1113 1504 1177 1538 ant
1211 1496 1335 1538 verbo
1371 1493 1510 1553 Θεωξῧν

163 1558 235 1605 ,de
269 1559 342 1600 illis
374 1560 456 1599 Vsus
485 1559 609 1599 fuerit.
1324 1615 1326 1617 v

302 1623 392 1663 Erit
423 1623 548 1676 itaque
580 1622 642 1663 illa
676 1616 959 1678 Ὀλυμπίαζε
996 1621 1154 1681 Θεωξία,
1189 1637 1303 1678 quam
1338 1624 1502 1666 Alcibia-

183 1687 251 1728 des
284 1697 571 1728 commemorat
591 1719 601 1738 ,
645 1686 706 1726 vel
737 1687 892 1741 publico
934 1690 1094 1729 nomine
1130 1689 1290 1728 ciuitatis
1320 1688 1401 1728 suae
1435 1688 1506 1729 sus-

184 1759 298 1803 cepta
330 1751 470 1804 legatio
507 1751 553 1791 ad
582 1752 791 1804 panegyrim
829 1750 1038 1805 Olympiae
1079 1753 1295 1806 agendam:
1328 1752 1393 1792 vel
1426 1753 1507 1806 pri-

188 1822 281 1853 vato
310 1815 389 1854 eius
423 1814 544 1855 studio
576 1814 623 1855 ad
657 1814 799 1855 ninam
832 1817 1094 1869 aucupandam
1116 1849 1126 1867 ,
1160 1814 1403 1869 fautoremque
1436 1817 1505 1857 fibi

190 1877 396 1929 parandum
437 1878 626 1932 suscepta,
667 1887 708 1918 et
738 1878 949 1931 magnifico
991 1889 1171 1933 apparatu
1211 1879 1365 1932 peraeta
1395 1891 1505 1932 pere-

186 1940 367 1992 grinatio.
432 1941 676 1996 Quamquam
709 1943 813 1982 enim
847 1955 967 1983 nemo
997 1953 1174 1983 veterum
1208 1943 1317 1982 nobis
1350 1943 1503 1994 omnia,

186 2015 282 2055 quae
311 2003 356 2043 ad
388 2001 569 2044 solemnia
608 2015 646 2045 et
677 2006 751 2046 toti
791 2004 977 2048 Graeciae
1018 2007 1243 2047 communia
1280 2005 1375 2046 sacra
1410 2017 1502 2046 cum

186 2065 285 2108 ludis
324 2066 529 2110 coniuncta
567 2070 788 2126 pertinent,
831 2069 1013 2126 descripta
1051 2070 1232 2125 reliquit:
1276 2070 1416 2113 videor
1446 2078 1504 2108 ta-

790 2132 926 2181 Fffa
1408 2142 1503 2175 men
