2044 2735
209 131 289 173 DE
310 130 652 173 GJANDJ‘JJS
674 130 996 174 REYALIBVS
1018 126 1360 172 EJ'STACHH.
1429 132 1518 177 3¹55·

209 250 412 289 monticuli
447 249 538 288 latus
569 259 775 302 Vtrumque
818 249 962 302 positae
1002 247 1108 288 sunt:
1144 248 1322 302 quinimo
1355 247 1415 286 liic
1450 247 1523 286 cir-

209 314 339 354 cularis
379 324 418 352 et
461 313 573 366 paulo
613 315 780 365 amplior·
814 314 950 352 cauitas
980 311 1195 364 spectatur,
1238 312 1287 350 de
1319 324 1391 364 qua
1426 322 1522 350 vero

209 378 284 417 iam
323 377 562 417 Anatomicis
593 377 761 416 constare
803 376 907 428 supra
940 377 1147 415 indicatum
1182 374 1249 414 est.
1312 373 1522 415 Caeterum

210 443 309 481 inter·
341 441 495 492 iiugulas
526 453 657 480 caueas
677 472 686 489 ,
721 440 811 479 ostia
850 440 910 478 seu
947 439 1030 478 viae
1066 439 1272 491 peculiares
1302 450 1351 476 ex
1389 451 1462 476 vna
1482 438 1523 476 in

207 506 318 544 aliam
352 518 371 543 a
404 503 552 543 Diuiuo
585 503 741 556 Opifice
783 504 1005 542 constitutae
1047 503 1154 541 sunt:
1189 514 1284 554 quae
1316 501 1407 540 ostia
1441 511 1523 540 tam

208 570 307 607 circa
343 569 526 618 medium,
559 580 671 620 quam
704 567 804 606 circa
825 577 1047 606 extremum
1081 577 1277 604 cauearum
1311 563 1524 617 conspicua,

207 632 286 671 scre
328 631 555 671 earumdem
595 631 787 671 diametro
827 630 992 683 aequalia
1025 629 1218 669 videntur.
1288 628 1428 669 Nullae
1462 627 1525 667 hic

207 696 381 735 valuulac
400 728 410 746 ‚
446 706 582 734 verum
615 695 800 735 duntaxat
839 705 954 747 rugae
997 694 1159 734 leuiores
1197 692 1297 732 intra
1337 691 1522 732 istiusmo-

209 760 248 799 di
282 759 374 799 ostia
406 758 635 812 spectantur.

322 823 380 862 Vt
411 834 509 862 nunc
542 821 731 876 promissis
766 831 957 876 vtcunque
989 820 1229 872 fitisfiiciam,
1263 820 1526 874 quoniamin-

207 897 356 928 certum
398 886 451 926 est
493 896 631 940 quanta
670 898 782 928 mora
821 886 993 927 iconibus
1037 884 1159 925 adhuc
1201 896 1300 938 opus
1328 885 1403 934 sit,
1435 893 1525 924 ante

206 953 338 991 omnia
371 962 445 1003 ego
478 950 672 1003 pollicitus
704 962 812 990 eram
853 960 1003 990 certum
1040 950 1241 989 inuentum
1261 981 1272 1000 ‚
1316 947 1418 1002 quod
1441 947 1525 987 iure

206 1016 451 1068 meritoque,
486 1024 529 1053 vt
562 1027 646 1067 pars
688 1011 887 1062 essentialis
927 1013 1094 1054 hstoriae
1144 1012 1300 1054 Renum
1335 1009 1523 1052 succentu-

204 1081 388 1119 rium-um
411 1110 421 1128 ,
453 1078 732 1130 agnoscendum
770 1077 844 1130 cst,
882 1077 1092 1128 videlicet7
1125 1076 1230 1130 quod
1261 1084 1364 1114 certa
1399 1083 1437 1114 et
1453 1086 1524 1128 pe-

202 1143 341 1182 cularia
374 1142 623 1193 corpuscula,
659 1142 812 1195 Vtrique
850 1141 933 1181 reni
966 1140 1241 1180 succenturiato
1293 1138 1524 1191 interiecta,

204 1220 246 1246 ac
281 1217 325 1245 vt
360 1205 565 1257 multiplici
605 1205 899 1257 obseruatione,
931 1204 980 1245 sic
1012 1203 1112 1244 haud
1141 1204 1296 1243 minore
1328 1201 1524 1255 diligentia

206 1281 245 1309 et
278 1270 398 1309 studio
429 1282 449 1308 a
482 1280 549 1308 me
582 1269 809 1322 explorata,
840 1269 889 1308 de
906 1268 1039 1322 quibus
1072 1279 1172 1307 mox
1205 1267 1322 1307 verba
1354 1263 1489 1306 faciam
1509 1298 1521 1319 ‚

207 1334 308 1387 quod
345 1334 497 1385 inquam
533 1333 571 1372 in
605 1330 653 1372 C.
684 1333 735 1373 H.
762 1333 808 1373 ad
825 1344 958 1372 renem
995 1330 1305 1371 succenturiatum
1332 1329 1523 1370 >dextrum

206 1397 441 1437 sinistrumue
463 1428 472 1446 ,
516 1409 631 1449 quem
674 1409 774 1436 nunc
807 1396 1078 1449 proceriorem
1120 1393 1187 1434 vel
1216 1393 1244 1434 si
1277 1393 1394 1434 mauis
1427 1393 1524 1433 cras-

206 1460 358 1501 iiiorem
392 1459 620 1512 appellabo,
676 1460 847 1500 nonnulli
894 1459 955 1500 sed
1002 1458 1157 1499 minimi
1204 1456 1467 1497 succenturiati
1501 1467 1524 1497 a

205 1523 357 1564 Diuino
397 1522 552 1575 opifice
585 1524 779 1565 constituti
814 1523 885 1564 sint
904 1554 914 1573 ‚
955 1534 1051 1576 quos
1084 1530 1294 1575 propterea
1326 1520 1523 1573 Embryo-

206 1601 276 1630 nes
316 1587 479 1627 vocabo.
544 1584 647 1627 Cum
695 1586 1043 1641 praememoratis,
1085 1594 1126 1625 et
1166 1597 1254 1625 cum
1296 1585 1408 1625 certis
1443 1584 1526 1625 aliis

204 1651 373 1705 partibus
393 1683 403 1701 ,
434 1651 512 1690 iam
548 1651 644 1690 olim
679 1651 913 1692 firmmorum
947 1650 1136 1690 Virorum
1169 1649 1365 1701 diligentia
1398 1646 1526 1688 obser-

205 1716 302 1755 vatis
336 1724 375 1754 et
406 1713 603 1767 descriptis
624 1746 635 1765 ‚
681 1727 754 1768 ego
788 1714 1123 1768 comparationem
1158 1711 1302 1752 institui
1337 1709 1469 1765 poffe,
1501 1723 1526 1752 a

204 1780 333 1832 primo
368 1778 543 1817 conieci:
610 1778 717 1819 Nam
759 1778 807 1820 sic
850 1791 912 1818 an.
955 1780 1085 1825 1637.
1124 1776 1201 1816 214.
1235 1775 1402 1816 Ianuarii
1443 1775 1525 1816 10-

205 1840 401 1882 ANNES
436 1839 771 1884 VESLINGIVS
810 1842 847 1883 in
886 1841 1071 1884 cadauere
1102 1840 1306 1895 soetm'nitzo
1323 1872 1334 1891 ,
1364 1846 1523 1894 praeter

206 1916 419 1945 communem
461 1912 623 1946 naturae
640 1905 872 1961 struauram
890 1938 900 1958 ‚
943 1912 989 1946 vt
1018 1919 1045 1946 a
1078 1904 1216 1946 Ioanne
1249 1902 1399 1945 Rhodio
1430 1913 1523 1944 nar-

203 1974 312 2008 ratur
329 2000 340 2018 ,
371 1966 510 2021 publice
547 1966 811 2024 praesentabat
840 1981 963 2011 renem
995 1969 1166 2010 dextrum
1197 1969 1256 2009 cui
1288 1967 1450 2007 adnatus
1481 1977 1522 2005 e-

202 2038 269 2072 rat
284 2043 351 2072 ren
369 2031 466 2072 alter
483 2032 620 2074 exilis:
657 2043 696 2073 ct
715 2033 900 2086 syntagm.
933 2036 1050 2075 Anat.
1072 2031 1185 2085 paulo
1213 2029 1394 2071 disertius.
1432 2026 1520 2069 Plu-

202 2106 265 2137 res
314 2095 535 2151 mz'noresqzae
576 2095 778 2151 glandtdas
817 2099 925 2138 venis
965 2104 1003 2140 et
1034 2096 1190 2140 arteriis
1216 2091 1297 2150 suis
1331 2091 1518 2149 itssrua‘las

782 2155 823 2202 Z
841 2171 865 2199 z
884 2170 909 2209 8
1457 2166 1521 2200 re-
