2044 2735
537 145 624 184 370
706 127 788 170 DE
821 121 1145 169 GLANDVLIS
1164 120 1494 169 RENALIBVS
1516 120 1838 168 EVSTACHIJ.

536 257 634 286 nunc
666 246 751 285 vice
772 277 782 296 ‚
824 255 869 283 vt
905 243 966 283 diu
1010 244 1198 296 pollicitus
1237 255 1342 283 eram
1364 274 1374 293 ,
1414 241 1461 282 ad
1495 241 1674 282 historiae
1702 253 1838 281 renum

534 308 889 348 succenturiatorum
942 309 1271 360 complementum
1321 306 1526 347 describere
1577 315 1733 344 conatus
1773 303 1838 343 fui.

537 372 644 411 Haec
678 372 808 411 omnia
851 369 1079 410 exhibentur
1121 370 1287 423 lequenti
1329 370 1478 421 diario,
1517 369 1583 408 vbi
1613 368 1840 408 obseruatio·

536 447 600 474 nes
632 435 813 475 duntaxat
845 434 1036 474 solutiores
1069 433 1257 472 annotaui.

651 498 772 538 Anno
809 508 926 547 1739
961 497 996 536 d.
1038 510 1078 545 9.
1116 496 1213 536 Maii
1234 529 1244 547 ‚
1278 497 1320 536 in
1348 506 1473 536 vxore
1505 494 1561 535 D.
1581 495 1746 546 Forret,
1782 494 1841 533 in—

534 561 638 614 genti
673 572 825 602 tumore
862 562 1050 613 Vtriusque
1085 561 1203 600 ouarii
1246 560 1435 600 laborante
1454 591 1465 609 ,
1499 560 1594 599 circa
1628 571 1732 598 renes
1764 557 1842 597 suc-

535 626 764 664 centuriatos
797 624 844 663 sic
879 625 1115 663 obl'eruatum
1149 624 1213 663 est.
1282 623 1333 663 111
1361 623 1512 663 transitu
1553 634 1676 661 venae
1706 621 1839 661 atrabi-

533 686 646 727 lariae
679 688 726 728 ad
754 699 895 727 venam
929 700 1064 727 cavam
1085 720 1096 737 ,
1130 687 1225 727 haud
1260 687 1393 740 procul
1428 700 1448 727 a
1480 698 1570 725 rene
1600 685 1841 724 succenturia-

534 759 578 790 to
612 750 750 790 dextro
789 751 1031 804 eiusdemque
1075 751 1248 803 margine
1290 749 1475 802 superiore
1495 782 1505 801 ,
1538 750 1720 801 exiguum
1755 759 1841 788 cor-

530 814 734 867 pusculum
768 815 998 864 rotundum,
1035 813 1166 866 plexui
1198 825 1340 853 nerueo
1372 814 1543 853 vicinum
1560 811 1726 865 spectare
1747 823 1840 851 con-

535 877 620 929 tigit
649 910 660 928 ,
714 877 936 918 structuram
984 877 1205 918 interiorem
1235 910 1246 929 ‚
1287 889 1379 919 cum
1421 888 1514 918 tene
1570 875 1841 918 succenturiato

534 941 644 981 omni
677 953 728 980 ex
760 951 865 994 paute
898 941 1145 980 conueniens.

650 1002 759 1044 Nota
794 1017 834 1044 1.
896 1003 1082 1044 Eiusdem
1127 1003 1224 1043 renis
1256 1000 1508 1043 succenturiati
1548 1002 1709 1055 margini
1744 1002 1820 1042 infe

530 1065 646 1118 riori,
677 1066 777 1107 aliud
810 1066 1098 1120 [ilperstruc‘tum
1132 1075 1214 1107 erat.
1239 1065 1340 1108 haud
1372 1066 1547 1108 absimile
1573 1066 1840 1120 corpusculum

531 1128 646 1170 instar
678 1130 909 1184 appendicis.

647 1192 756 1234 Nota
791 1205 831 1233 2.
895 1193 1043 1234 Partem
1084 1193 1258 1234 eiusdem
1296 1194 1394 1234 ren-is
1427 1194 1684 1235 succenturiati
1717 1193 1841 1234 cossam

525 1255 757 1309 spectantem
792 1256 851 1297 seu
885 1257 1120 1297 exteriorem
1143 1288 1155 1308 ‚
1189 1257 1270 1297 vidi
1305 1270 1393 1298 cum
1429 1259 1609 1297 interiore
1642 1257 1838 1297 substantia

522 1320 603 1359 veri
635 1320 734 1360 renis
767 1331 846 1360 non
874 1320 994 1360 solum
1025 1332 1094 1373 per
1111 1321 1310 1374 peculiarii
1345 1321 1427 1361 vasa
1458 1322 1650 1374 sanguinea
1686 1333 1838 1361 nexum.

523 1380 691 1435 habere,
724 1396 860 1424 verum
892 1384 1014 1437 aliqua
1044 1382 1094 1422 sui
1127 1393 1234 1436 parte
1269 1384 1318 1424 sic
1353 1386 1501 1425 vnitam
1536 1383 1613 1424 effe.
1634 1384 1736 1425 vtln
1755 1385 1841 1424 duo

526 1457 635 1485 renes
665 1458 717 1486 ex
753 1447 936 1486 continua
969 1445 1163 1487 substantia
1199 1445 1353 1486 formati
1389 1449 1623 1488 viderentur.

644 1508 698 1549 A.
738 1519 870 1559 1739.
905 1509 942 1549 d.
980 1523 1050 1560 14.
1088 1509 1212 1560 Maii,
1244 1510 1284 1549 in
1318 1510 1530 1551 masculino>
1559 1511 1740 1551 cadauere
1774 1523 1835 1551 re·

526 1581 643 1624 pente
676 1574 880 1624 extincto,
923 1573 1143 1626 corpuscula
1176 1572 1277 1614 haud
1306 1574 1484 1614 absimilia
1505 1607 1516 1625 ‚
1550 1585 1713 1625 vtroque
1744 1574 1835 1613 late·

527 1646 599 1684 re,
641 1635 746 1675 vltro
785 1636 952 1689 spcc'tare
994 1636 1188 1688 contigit,
1227 1649 1347 1676 vnum
1389 1637 1456 1689 pisi
1500 1637 1758 1689 magnitudine
1791 1637 1832 1676 in

525 1696 666 1737 dextro
685 1730 696 1749 ,
730 1700 769 1738 in
802 1700 946 1739 sinistro
979 1699 1096 1738 latere
1128 1699 1271 1751 duplex
1292 1730 1303 1749 ,
1335 1699 1392 1739 (ed
1427 1701 1564 1739 minus.

641 1759 693 1800 A.
736 1773 853 1810 1739
888 1763 924 1802 d.
966 1774 1032 1799 11.
1071 1761 1196 1811 Iunii,
1231 1761 1270 1799 in
1301 1762 1480 1801 cadauere
1514 1762 1585 1802 viri
1619 1762 1756 1815 laqueo
1774 1763 1833 1801 in-

523 1822 672 1863 terfec‘ti
693 1856 704 1874 ,
748 1824 895 1877 duplex
935 1823 1201 1877 corpusculum
1245 1825 1457 1864 extmrl'um
1510 1824 1676 1878 positum
1719 1836 1799 1865 erat
1818 1859 1830 1878 ,

523 1899 645 1926 vnum
676 1886 829 1928 seminis
862 1887 929 1928 lini
965 1886 1225 1940 magnitudine
1265 1897 1304 1926 ct
1336 1886 1451 1940 figura
1471 1921 1480 1938 ‚
1522 1888 1678 1928 alterum
1714 1888 1830 1930 instar

519 1949 589 2002 pisi
624 1950 844 1991 rotundum.
911 1949 1024 1992 Sedes
1057 1950 1191 2003 prioris
1230 1951 1268 1989 in
1305 1952 1434 1991 medio
1467 1952 1570 1991 faciei
1604 1954 1750 1991 anticae
1780 1953 1829 1994 ad

517 2024 642 2052 venae
674 2014 903 2057 atrabilariae
928 2023 1112 2056 exortum
1131 2045 1142 2066 ‚
1172 2013 1394 2068 posterioris
1422 2015 1521 2056 circa
1556 2015 1657 2058 basin
1689 2015 1828 2057 consti-

519 2083 601 2116 tuta
636 2086 729 2118 erat.

1772 2144 1812 2186 A
