2044 2735
525 139 610 183 563
686 132 769 175 DE
804 129 1138 173 GLANDVLIS
1158 125 1481 172 RENALIBVS
1504 127 1835 174 EVSTACHH.

527 251 751 289 turiatorum
795 249 984 289 interdum
1026 248 1204 301 aequali,
1245 247 1432 288 interdum
1473 247 1643 288 auctiore
1678 250 1837 287 ternario

526 314 631 353 enim
696 325 857 352 numero
916 324 997 351 vno
1057 313 1172 352 latere
1221 312 1331 351 sterne]
1393 311 1533 350 inueni.
1603 308 1705 350 Cum
1757 311 1838 352 sede

527 390 549 417 a
582 376 808 429 Vesliugio‚
841 375 1055 416 Molinetto
1075 408 1086 427 ,
1121 384 1159 415 et
1191 372 1420 414 Bartholino
1442 407 1451 425 ‚
1485 374 1668 428 descripta
1703 385 1740 414 et
1774 376 1841 415 de-

525 440 690 491 lineata,
724 451 775 479 eo
804 439 1039 492 discrepant,
1073 438 1175 492 quod
1209 437 1309 478 haud
1341 436 1433 479 infra
1466 437 1549 478 vasa
1581 438 1804 491 emulgentia
1825 470 1835 488 ,

527 515 665 543 verum
712 513 817 555 parte
861 502 1003 556 postica
1044 502 1142 542 renis
1184 501 1472 551 succenturiati,
1504 501 1628 541 modo
1661 503 1706 542 ad
1738 503 1835 542 eius-

525 567 618 607 dem
660 566 822 607 limbum
864 565 1126 619 superiorem,
1171 565 1294 605 modo
1335 565 1433 604 circa
1478 565 1681 616 medium,
1715 566 1836 605 modo

525 631 622 669 circa
656 629 753 669 basin
774 662 785 681 ,
819 639 898 669 tam
930 629 1069 669 dextro
1102 641 1220 682 quam
1254 628 1359 667 laeuo
1398 629 1510 668 latere
1530 660 1540 679 ,
1577 630 1746 670 naturalis
1778 629 1836 668 st:-

524 694 587 733 des
620 693 816 733 constituta
858 692 980 732 fuerit.
1050 691 1156 733 Mihi
1199 691 1252 731 bis
1285 692 1469 731 duntaxat
1504 693 1541 731 in
1573 703 1678 744 parre
1711 694 1832 733 antica

522 756 716 797 abdomen
761 756 984 810 respiciente
1035 753 1242 795 obseruaffe
1289 755 1463 806 contigit.
1542 755 1648 810 Quae
1688 756 1835 797 tametsi

521 820 719 860 communi
760 819 910 873 adiposa
950 820 1170 859 membrana
1211 830 1344 859 renem
1388 819 1699 859 sticcenturiatum
1734 822 1839 860 inue-

524 883 656 923 sticnte
707 883 866 935 inclusa,
919 892 956 922 et
998 895 1018 921 a
1060 883 1186 935 primo
1239 894 1356 922 nexus
1404 893 1444 921 et
1477 884 1833 923 comnmnicatumis

522 945 620 986 haud
652 947 822 999 expertia
855 945 929 986 effe
968 946 1186 995 videantur,
1219 960 1292 998 ego
1326 946 1363 984 in
1395 946 1537 985 duobus
1570 947 1753 986 duntaxat
1771 961 1834 987 ca-

518 1010 712 1049 daueribus
747 1020 888 1049 nexum
923 1007 1116 1050 manifesto
1152 1009 1345 1061 perspexi:
1396 1010 1601 1061 quinimo,
1634 1011 1716 1049 reni
1754 1009 1830 1050 iiic-

519 1074 729 1112 centuriato
760 1073 807 1112 sic
839 1083 983 1112 acereta
1024 1081 1062 1110 ct
1094 1073 1320 1124 agglutinata
1353 1071 1495 1112 offendi
1517 1105 1526 1122 ,
1560 1083 1603 1112 rt
1637 1074 1675 1112 in
1710 1075 1834 1113 conti-

517 1148 633 1176 nuam
673 1136 791 1176 ambo
830 1133 1060 1175 conci-cuiffe
1102 1136 1354 1175 crediderim:
1391 1136 1578 1175 Attamen
1613 1136 1650 1175 in
1685 1138 1833 1191 reliquis

517 1199 668 1252 semper
700 1199 878 1239 disiuncta
913 1197 988 1238 esse
1021 1200 1304 1239 animaduerti:
1339 1211 1433 1252 quac
1466 1200 1596 1239 omnia
1616 1232 1626 1249 ,
1661 1199 1757 1242 haud
1777 1200 1831 1241 se·

516 1275 581 1302 cus
613 1276 725 1316 quam
758 1262 936 1303 fibrarum
972 1275 1190 1302 neruearum
1213 1295 1222 1313 ‚
1255 1272 1294 1302 et
1325 1262 1456 1302 diuersi
1491 1263 1635 1315 generis
1666 1263 1832 1305 vasculo-

516 1339 599 1366 mm
634 1328 732 1366 circa
763 1327 895 1366 eadem
929 1326 1146 1378 corpuscula
1185 1326 1381 1366 concursus
1412 1336 1449 1365 et
1481 1327 1739 1367 connexiones
1772 1330 1828 1369 v!-

516 1398 578 1428 tro
618 1388 783 1442 conspici
825 1390 1010 1442 possunt,
1051 1389 1198 1443 quoties
1233 1390 1497 1429 membranam
1540 1389 1731 1442 adiposam
1764 1393 1829 1432 {in

517 1453 728 1505 expositam
759 1463 798 1492 ct
830 1453 958 1506 digitis
990 1452 1121 1492 leuiter
1155 1452 1368 1493 distractam
1402 1452 1617 1505 diligentius
1633 1455 1825 1508 perlustra-

516 1527 556 1555 I'C
590 1526 788 1569 contmglt.

631 1580 696 1619 Ex
730 1580 786 1619 his
821 1592 915 1633 quae
950 1579 1127 1621 hac'tenus
1157 1579 1258 1620 dieta
1294 1579 1376 1619 sunt
1396 1613 1406 1631 ,
1441 1579 1540 1619 haud
1575 1580 1674 1621 secus
1707 1594 1822 1635 quam

514 1643 699 1696 paruitate
733 1644 950 1683 eorumdem
980 1643 1312 1696 corpusculorum,
1349 1643 1447 1682 credi
1468 1643 1546 1682 iam
1579 1642 1824 1696 poss‘et,10n-

514 1716 562 1756 ge
593 1717 611 1743 a
647 1705 912 1746 succenturiatis
945 1707 1092 1746 renibus
1125 1719 1167 1746 ea
1203 1707 1435 1757 discrepare,
1479 1715 1519 1744 et
1551 1706 1689 1747 rectius
1721 1708 1827 1760 glan-

514 1767 686 1807 dularum
736 1768 1053 1821 lymphaticarum
1103 1770 1263 1808 nominc
1306 1768 1526 1820 appellanda
1569 1767 1673 1810 effe:
1737 1772 1823 1827 Qua

515 1832 620 1870 euim
664 1832 744 1870 veri
790 1833 907 1884 specie
947 1832 1019 1870 dici
1061 1832 1212 1884 potest,
1254 1844 1273 1870 a
1310 1830 1459 1870 Diuino
1492 1832 1646 1885 Opifice
1676 1834 1825 1887 fingulis

513 1893 732 1934 hominibus
781 1904 1004 1948 quaternum
1057 1904 1094 1934 ct
1147 1895 1345 1947 aliquando
1398 1894 1582 1935 senarium
1617 1909 1820 1940 numerum

511 1969 648 1997 renum
686 1958 1043 1998 succenturiatorum
1089 1968 1240 2010 tamque
1281 1957 1482 2010 inaequalis
1522 1961 1821 2015 magnitudinis,

512 2033 657 2074 nempe
699 2022 791 2061 alios
832 2021 882 2061 ob
917 2022 1143 2073 pai-uitatem
1187 2023 1255 2061 xix
1289 2021 1510 2074 conspicuos
1544 2023 1706 2063 tributos
1736 2025 1820 2065 fuis-

509 2082 576 2125 se?
609 2095 750 2138 quanto
786 2085 866 2125 veri
898 2084 1052 2126 similius
1081 2084 1136 2125 est
1169 2085 1273 2125 illam
1310 2086 1423 2125 molis
1440 2085 1693 2140 disparitatem
1713 2090 1818 2140 gian-

1717 2152 1815 2194 dulis
