2044 2735
192 114 273 156 DE
291 110 701 157 PERFICIENDIS
719 111 935 156 MAPPIS
954 111 1378 159 GEOGRAPHICIS
1417 125 1507 168 309

193 232 248 272 tio
268 264 277 281 ,
314 231 380 272 niti
414 230 543 282 fallar,
577 231 682 284 fugit.
749 227 849 273 Cum
892 245 1035 287 nempe
1066 229 1283 287 Gergraphi
1310 242 1509 274 cernerent

191 295 350 349 figuram
391 294 454 335 tali
486 295 762 335 deformatione
798 296 897 336 nulla
932 298 1077 336 ratione
1117 296 1343 350 respondere
1382 298 1507 350 super-

192 359 290 399 ficiei
338 360 478 398 telluris
522 359 620 412 ipsi,
667 358 901 413 chordasque
944 360 1200 400 distantiarum
1243 361 1284 400 in
1318 361 1505 414 parallelis

192 437 354 476 mappae
390 422 514 462 inulto
547 423 709 462 maiores
742 422 854 473 fieri,
889 436 1001 476 quam
1037 421 1110 462 eise
1156 423 1364 474 deberent,
1410 424 1504 463 dcli-

191 489 443 540 neationeque
481 486 677 525 secundum
711 485 810 538 leges
840 486 1096 538 perspectiuae
1137 485 1234 525 fac‘ta
1276 488 1376 525 veris
1418 499 1508 540 pro-

192 553 409 604 piuquiorcs
442 550 636 599 obtineri,
670 549 705 587 se
737 562 876 601 operae
911 550 1099 602 praetium
1134 561 1212 588 non
1246 548 1406 589 fiteturos
1424 551 1506 602 opi-

191 617 269 654 nati
295 613 371 654 suut
393 646 401 663 ‚
435 613 459 653 si
482 613 613 651 huicce
633 612 875 651 delineationi
908 612 1161 652 inhaererent.
1229 613 1286 652 At
1303 626 1390 653 cum
1409 613 1510 653 mul-

191 689 251 718 tae
292 679 381 717 aliae
422 674 743 715 definmationum
786 677 952 716 rationes
993 678 1030 716 iu
1074 676 1356 729 particularibus
1395 690 1507 730 prae-

190 742 321 795 primis
363 741 513 792 mappis
555 739 624 778 sint
666 750 828 779 tentatae
849 773 858 791 ,
903 753 997 794 quae
1032 740 1172 780 codem
1208 750 1247 779 et
1278 742 1415 780 maiori
1447 741 1501 780 in-

188 804 401 846 commodo
435 803 626 853 laborant,
662 803 829 857 haecque
863 805 1044 857 quasdam
1078 805 1332 857 proprietates
1351 805 1505 857 habeat,

187 882 280 923 quae
299 869 335 906 in
357 868 400 906 iis
419 898 429 917 ‚
452 867 584 920 quibus
604 866 783 907 hac‘tenus
806 868 952 908 vtimur
971 900 981 919 ,
1003 867 1273 918 defiderantur,
1308 867 1507 909 scalarum-

185 945 257 987 que
302 931 506 971 metiendis
548 930 729 970 distantiis
767 932 1048 971 inseruientium
1100 932 1337 985 appositione
1387 933 1505 972 etiam

185 997 246 1037 hic
294 996 428 1035 iisdem
472 995 738 1035 incommodis
779 996 911 1035 cadem
948 997 1095 1035 ratione
1129 995 1282 1034 obuiam
1316 1004 1423 1035 eatur
1462 1008 1506 1036 ac

184 1062 223 1102 in
266 1059 407 1099 vlitatis
448 1059 602 1111 mappis
623 1092 632 1109 ,
667 1071 741 1111 ego
774 1061 929 1111 quidem
963 1057 1121 1098 afferere
1153 1059 1302 1109 audeo,
1345 1071 1507 1111 operam

183 1136 313 1164 meam
331 1155 341 1174 ,
376 1123 402 1162 si
436 1134 515 1160 uon
551 1134 712 1173 magnae
732 1152 743 1171 ‚
759 1122 910 1161 alicuius
930 1130 1057 1161 tamen
1079 1131 1182 1161 certe
1209 1121 1382 1161 Vtilitatis
1406 1121 1506 1162 futu-

182 1201 266 1228 ram
288 1219 298 1238 ‚
331 1198 454 1239 eoque
487 1186 607 1237 magis
639 1185 856 1225 excuffitum
892 1185 965 1236 iri,
996 1198 1073 1238 quo
1105 1185 1414 1238 compendiosius
1447 1197 1506 1226 res

184 1251 360 1304 expediri
398 1249 550 1303 potest,
586 1259 629 1288 vt
667 1248 787 1289 statim
822 1260 974 1289 cernere
1014 1248 1077 1288 est.

303 1315 335 1362 ξ.
379 1321 444 1355 13.
484 1312 662 1353 Sumatur
692 1314 813 1353 radius
846 1310 930 1353 AC
965 1312 1095 1353 circuli
1127 1310 1310 1353 ABDA
1343 1313 1381 1353 in
1423 1323 1501 1365 quo

182 1378 396 1432 superficies
415 1378 591 1431 sphaerae
614 1377 774 1417 dimidia
784 1377 835 1416 est
852 1376 1109 1427 deformanda,
1131 1377 1345 1430 peripheria
1363 1379 1400 1416 iu
1414 1380 1499 1423 360
1515 1390 1579 1428 εἰς.
1604 1397 1635 1431 5.

185 1453 308 1496 partes
342 1442 509 1496 aequales
543 1441 726 1481 diuidatur
759 1450 798 1480 et
831 1440 974 1480 chorda
1008 1438 1092 1480 AB
1125 1446 1202 1489 900
1245 1441 1316 1480 erit
1358 1441 1503 1481 diame-

185 1517 245 1546 ter
278 1506 436 1555 circuli,
471 1505 534 1559 qui
568 1504 620 1543 est
655 1504 701 1544 ad
736 1505 905 1557 priorem
927 1537 937 1555 ‚
973 1514 1016 1544 vt
1051 1504 1209 1544 circulus
1228 1501 1406 1557 sphaerae
1423 1517 1508 1545 ma-

185 1571 313 1611 ximus
345 1571 390 1609 ad
425 1567 660 1622 superficiem
697 1568 875 1621 sphaerae
909 1568 1108 1608 dimidiam
1133 1600 1144 1618 ,
1177 1567 1251 1607 siue
1285 1569 1324 1607 in
1358 1570 1508 1609 ratione

182 1634 358 1687 subdupla
393 1645 461 1686 per
494 1632 683 1685 principia
717 1631 860 1674 Geom.
897 1632 1088 1672 diuidatur
1119 1629 1203 1671 AB
1236 1633 1274 1671 in
1309 1632 1396 1672 duas
1420 1646 1509 1686 par-

181 1707 237 1737 tes
271 1697 443 1751 aequales
477 1705 518 1735 et
549 1709 637 1735 cum
673 1696 835 1736 dimidio
868 1695 991 1740 lineae
1026 1693 1110 1735 AB
1143 1694 1210 1735 fiat
1245 1695 1407 1736 ciicalus
1449 1696 1505 1736 al-

181 1763 251 1801 teri
284 1761 575 1801 concentricus:
614 1758 719 1799 Dein
753 1760 887 1800 eadem
922 1760 1053 1800 circini
1088 1768 1290 1812 appertura
1323 1772 1390 1813 pes
1430 1761 1504 1800 cir-

183 1825 260 1864 cini
304 1825 398 1864 alter
440 1823 573 1877 gradus
619 1827 704 1870 360
747 1823 817 1864 fini
856 1824 985 1864 circuli
1027 1823 1183 1865 maioris
1213 1835 1245 1862 e.
1281 1835 1319 1876 g.
1356 1824 1504 1877 pune'to

185 1890 282 1927 circa
323 1889 359 1928 A
403 1889 625 1940 imponatur
666 1898 705 1927 ct
747 1887 869 1928 altero
909 1889 1006 1941 pede
1048 1887 1233 1940 punctum
1264 1887 1301 1928 E
1334 1888 1372 1926 in
1405 1888 1503 1940 peri-

185 1951 315 2004 pheria
349 1951 479 1991 circuli
512 1952 674 1990 minoris
706 1961 930 2005 quaeratur:
966 1964 1017 1992 ex
1052 1951 1129 1991 hoc
1170 1951 1318 2005 puncto
1357 1951 1394 1991 E
1434 1950 1502 1990 fiat

184 2026 289 2053 arcus
321 2014 449 2053 circuli
483 2011 605 2053 AFC
645 2015 778 2056 eadem
812 2016 945 2055 circini
977 2024 1178 2068 appertura
1199 2047 1209 2065 ,
1251 2016 1312 2067 qui
1354 2013 1500 2066 puncto

182 2079 223 2119 A
257 2087 296 2117 ct
338 2087 472 2118 centro
504 2075 538 2118 C
573 2076 737 2120 finiatur.
812 2078 913 2133 Quia
945 2079 1031 2121 ΑΕ
1051 2075 1230 2126 ΞὲΑΒ
1261 2074 1392 2119 AEC
1421 2075 1500 2182 {trit

747 2141 799 2198 Q
821 2155 848 2195 q
882 2154 906 2193 3
1381 2151 1419 2180 re
1461 2150 1504 2179 us
