2044 2735
202 109 447 157 CVRVLIS
466 112 741 156 OLTMPICI
764 111 924 157 APVD
944 112 1126 158 ELEOS
1142 111 1386 160 VICTORE
1429 129 1527 171 429

202 232 451 274 hallucinatur
489 232 662 287 optimus
703 232 824 273 PET.
870 231 1084 286 FABER,
1124 248 1190 289 qui
1229 246 1402 287 annum,
1442 245 1522 289 quo

200 298 300 350 apud
332 297 450 337 Eleos
484 297 620 337 vicerit
661 297 875 338 Alcibiades
894 331 904 350 ,
943 298 1109 338 eundern
1151 299 1227 340 effe
1256 298 1409 351 scribit,
1441 311 1522 353 quo

199 359 224 410 ἢ
262 359 386 403 τελξῖα
417 359 583 417 &mangis
617 361 656 400 in
689 361 912 415 Olympicis
945 362 1041 402 ludis
1073 364 1244 415 primum
1265 371 1416 415 recepta
1436 362 1518 403 fuit.

199 425 243 465 Id
294 437 431 477 emm,
471 425 562 464 teste
603 423 700 475 illo,
741 436 857 478 quem
905 426 980 479 ipse
1021 426 1202 479 adducit,
1247 424 1520 469 DIODORO

195 486 397 529 SICVLO
438 487 543 529 Libr.
588 486 708 528 XllI.
755 489 815 528 cui
853 487 973 541 plures
1012 487 1280 543 adstipulantur
1309 502 1330 529 a
1363 489 1517 532 GVIL.

197 551 396 594 LLOYD
438 553 476 592 in
523 547 625 605 serie
663 549 824 593 chronol.
882 551 1052 602 laudati,
1102 554 1237 594 accidit
1276 552 1516 607 Olympiade

196 615 486 657 LXXXXIII.
529 616 701 669 adeoque
740 614 825 669 post
866 616 959 656 osto
992 627 1111 657 annos
1152 618 1201 659 ab
1233 617 1299 659 illa
1331 619 1517 660 concione

194 681 407 721 tizuifiic'tos.
475 679 563 721 Erit
604 679 727 734 itaque
767 679 879 719 nobis
919 678 994 720 fere
1036 682 1258 723 tantundem
1280 713 1291 733 ,
1332 694 1446 735 quam
1486 684 1518 724 is

193 744 454 785 descendendo
493 743 679 784 aberrauit
701 777 711 794 ,
753 743 1052 784 adscendendum
1073 777 1083 795 ,
1130 755 1172 785 vt
1204 746 1433 786 deducamus
1467 746 1517 786 ad

191 821 324 849 veram
356 808 459 849 illam
479 840 490 859 ,
533 817 597 848 aut
639 807 966 849 verosimillimum
1005 808 1319 863 Olympiadem,
1359 821 1432 864 qua
1457 809 1514 852 vi-

191 872 313 914 &oria
344 882 424 913 tam
460 871 634 924 infignita
672 871 740 912 fiiit
774 883 982 925 reportata.

307 936 443 977 Parum
485 935 638 990 quidem
682 945 855 976 accurate
898 936 948 976 de
985 937 1091 977 annis
1131 937 1230 977 tanti
1262 936 1335 978 viri
1366 937 1518 993 scripse-

190 1009 281 1041 runt
314 1010 494 1050 veteres,
528 999 575 1038 de
609 1011 690 1053 quo
718 1000 756 1039 in
793 1000 871 1039 aliis
905 1010 984 1041 tam
1019 1002 1163 1041 minuta
1196 1000 1399 1043 consectati
1420 1003 1521 1056 sunt,

191 1074 237 1105 vt
268 1073 307 1105 et
341 1066 417 1105 eius
459 1063 647 1104 nutricem
690 1064 851 1104 nomine
893 1063 961 1104 suo
989 1065 1265 1106 denotauerint.
1329 1065 1516 1107 Referam

188 1136 320 1169 tamen
339 1161 350 1180 ‚
383 1140 478 1182 quae
508 1127 606 1167 mihi
640 1127 830 1180 indaganti
860 1127 931 1168 sese
963 1128 1197 1170 obtulerunt.
1268 1128 1423 1183 Nicias,
1447 1131 1515 1184 qui

186 1191 374 1233 Alcibiadi
392 1191 564 1232 maxime
581 1189 836 1232 aduersabatur
855 1226 866 1244 ,
899 1192 938 1233 in
958 1193 1132 1232 oratione
1153 1192 1212 1233 illa
1230 1225 1243 1245 ‚
1273 1206 1348 1247 qua
1388 1193 1516 1248 ipsum

188 1265 387 1310 tantopere
430 1255 619 1306 irritauir,
679 1256 777 1295 inter
818 1255 889 1296 alia
911 1288 922 1307 ,
974 1257 1214 1296 iuuentutem
1246 1256 1295 1297 de
1345 1257 1515 1311 republi-

188 1333 232 1361 ca
276 1320 523 1361 consultando
563 1328 601 1358 et
654 1320 822 1374 imperio
872 1318 1102 1374 capessendo
1134 1321 1328 1374 imparem
1361 1322 1514 1363 obiece-

187 1394 257 1425 rat.
323 1381 697 1425 THVCYDIDES
745 1384 862 1423 etiam
904 1384 971 1424 vbi
1013 1384 1120 1424 Libr.
1157 1383 1208 1424 V.
1254 1383 1363 1425 refert
1395 1397 1511 1439 quam

184 1447 316 1489 callide
359 1461 417 1489 res
447 1447 666 1498 miscuerit,
709 1457 755 1487 vt
788 1448 933 1488 bellum
968 1461 1055 1489 cum
1090 1447 1409 1489 Lacedaemoniis
1443 1461 1510 1490 nu-

186 1524 253 1565 per
310 1511 567 1565 compositum
630 1512 974 1564 redintegmretur,
1028 1513 1077 1552 ita
1138 1511 1250 1553 illum
1304 1512 1510 1568 describit,

185 1575 286 1630 quod
305 1574 412 1617 fuerit
429 1570 523 1631 cm?
543 1573 676 1627 ’ἱλικίᾳ
696 1571 772 1630 μὲν
798 1568 858 1617 ’ἔτι
893 1573 987 1617 τότε
1006 1568 1057 1617 ὧν
1091 1570 1174 1625 νέος
1195 1607 1205 1625 ,
1241 1573 1290 1625 ὡς
1315 1578 1360 1634 εἰ(
1391 1571 1505 1628 ἄλλη

187 1637 351 1695 πόλερ,
405 1634 605 1694 ἀξιώματι
648 1635 692 1681 δὲ
741 1635 978 1696 ‘creavimus‘
1011 1635 1260 1694 τιμώμενος.
1304 1641 1365 1681 vir
1397 1630 1510 1682 valde

185 1714 275 1745 tunc
308 1705 453 1744 iuuenis
472 1737 482 1755 ,
527 1703 555 1744 fi
588 1716 640 1744 ex
671 1703 828 1744 aliarum
874 1705 1025 1744 vrbium
1058 1704 1230 1744 moribus
1262 1704 1509 1746 iudicandum

184 1766 276 1807 effet
296 1801 305 1819 ,
345 1769 407 1808 cui
457 1778 588 1808 tamen
626 1767 773 1808 claritas
814 1769 1007 1809 maiorum
1044 1768 1305 1809 auctoritatem
1337 1767 1507 1810 faciebat.

185 1829 337 1871 Scilicet
369 1832 465 1873 olim
500 1831 663 1872 Athen-is
693 1832 941 1873 constitutum
982 1831 1131 1885 fuerat,
1166 1841 1211 1872 vt
1242 1844 1323 1872 non
1357 1833 1426 1873 nisi
1458 1832 1510 1875 L.

185 1896 290 1934 annis
323 1895 487 1935 maiores
524 1897 562 1935 in
596 1897 848 1938 concionibus
887 1896 1111 1937 sententiam
1151 1896 1199 1935 de
1230 1895 1421 1949 republica
1450 1897 1508 1937 di·

187 1968 341 1998 cerem:
394 1959 453 1998 sed
502 1958 690 1999 Alcibiadi
741 1958 845 1999 fauor
897 1961 1033 2014 populi
1081 1960 1201 2001 multa
1242 1959 1508 2012 concedebat,

185 2035 280 2076 quac:
321 2021 399 2061 aliis
441 2034 519 2061 non
562 2035 677 2076 aeque
717 2024 1015 2077 indulgebantur.
1084 2025 1172 2066 Hoc
1213 2034 1339 2064 nutem
1373 2024 1509 2063 accidit

185 2096 320 2140 quarto
352 2095 437 2126 ante
473 2085 582 2127 illum
615 2099 716 2129 anno
737 2121 747 2140 ,
781 2100 861 2141 quo
895 2087 929 2128 se
965 2089 1102 2132 Niciae
1133 2087 1295 2130 debebat
1325 2086 1511 2138 obiicere,

783 2151 822 2192 H
842 2151 868 2192 h
886 2151 913 2192 h
935 2165 960 2203 3
1417 2151 1509 2192 belli
