2044 2735
241 283 784 372 EXCERPTA
856 286 996 372 EX
1070 286 1553 378 LITTERIS.

454 514 825 576 DANIELE
874 471 1331 580 §ERNOVLLI

872 612 919 653 ad

589 679 962 744 Leonhardmn
1005 679 1194 744 Ετιῖεενυ

232 830 497 1008 Egregia
530 859 642 914 piane
675 860 758 901 sunt
777 893 787 913 ‚
822 860 895 901 Vir
929 857 1210 915 celeberrime,
1244 873 1340 917 quae
1372 862 1471 905 mihi
1501 865 1550 906 de

406 935 512 963 nouo
561 925 637 964 fere
688 924 825 964 calculi
874 925 1065 980 integralis
1123 937 1262 979 genere
1322 927 1548 981 perscribis:

404 986 528 1040 placet
558 997 641 1028 tuus
672 989 899 1041 quantitates
932 1001 952 1029 a
982 987 1130 1030 circulo
1170 990 1379 1044 pendentes
1411 1001 1551 1033 notan·

230 1052 269 1094 di
304 1051 440 1093 modus
473 1063 596 1104 eoque
628 1052 774 1106 pariter
803 1054 880 1093 iam
913 1052 1066 1107 pridem
1099 1054 1181 1093 vsus
1214 1052 1316 1095 sum:
1350 1054 1455 1096 reete
1475 1055 1551 1096 eti·

228 1128 295 1156 am
329 1115 548 1156 huiusmodi
580 1115 808 1170 quantitates
840 1117 1058 1158 constanter
1090 1117 1239 1158 reducis
1279 1118 1325 1159 ad
1362 1119 1549 1160 circulum

227 1180 392 1220 eundem
413 1209 425 1228 ,
461 1178 563 1218 cuius
595 1179 743 1219 radium
778 1180 890 1233 ponis
920 1178 1120 1235 aequalem
1154 1180 1291 1221 vnitati
1311 1214 1323 1234 ‚
1367 1194 1447 1223 non
1491 1183 1549 1223 se·

229 1256 294 1284 cus
327 1256 368 1283 ac
403 1243 630 1294 quantitates
662 1243 954 1294 logarithmicae
985 1244 1111 1284 reduci
1141 1243 1263 1283 solent
1296 1245 1342 1284 ad
1361 1244 1545 1297 logarith-

228 1307 375 1346 micam
395 1337 406 1356 ,
442 1304 546 1344 cuius
581 1305 799 1357 subtangens
829 1305 875 1345 fit
909 1307 1057 1346 vnitate
1090 1304 1287 1359 expressa:
1322 1307 1428 1347 Tum
1448 1319 1546 1350 vero

228 1370 432 1410 admiratus
473 1368 551 1408 sum
595 1366 780 1420 insignem
824 1366 932 1407 vsum
954 1401 964 1420 ,
1004 1379 1123 1422 quem
1165 1370 1310 1423 primus
1349 1370 1545 1413 obseruasti

225 1431 445 1473 huiusmodi
475 1432 742 1484 quantitatibus
774 1429 892 1471 ineffe
913 1463 923 1482 ,
957 1432 1152 1486 ingentem
1189 1433 1458 1487 aequationum
1478 1435 1546 1477 dif-

197 1496 480 1542 *fercntialium
516 1495 662 1535 altioris
695 1495 830 1549 gradus
862 1496 1028 1549 segetem
1063 1496 1111 1536 ad
1153 1506 1380 1549 quantitates
1419 1496 1544 1539 finitas

228 1560 447 1600 reducendi.
515 1558 667 1599 Habent
698 1559 924 1613 quantitates
958 1560 1004 1599 ad
1035 1559 1343 1612 logarithmicam
1386 1571 1427 1601 et
1470 1563 1543 1603 cir-

229 1623 354 1664 culum
387 1623 623 1676 pertinentes
642 1654 652 1672 ‚
687 1635 803 1675 quum
838 1622 1020 1664 continue
1051 1622 1372 1675 differentiantur,
1406 1625 1545 1666 multas

224 1687 387 1741 insignes
430 1687 712 1740 proprietates,
751 1686 881 1740 quibus
922 1695 960 1725 te
1002 1687 1111 1727 vium
1153 1684 1231 1726 esse
1271 1687 1415 1739 video,
1457 1699 1540 1729 tum

226 1752 345 1791 etiam
377 1749 545 1791 coniicio
564 1782 574 1801 ,
607 1758 646 1788 te
680 1749 912 1790 methodum
945 1749 1157 1803 integrandi
1190 1749 1255 1790 hic
1288 1750 1465 1792 adhibere
1484 1755 1539 1792 in-

224 1814 410 1855 directam
429 1846 440 1865 ‚
475 1813 534 1853 scd
569 1826 612 1853 ea
645 1823 777 1854 tamen
808 1813 1154 1867 circumspectione
1174 1844 1186 1867 ‚
1218 1826 1332 1868 quam
1372 1814 1412 1854 in
1447 1816 1539 1856 eius-

224 1879 332 1919 modi
366 1876 562 1917 methodis
602 1876 795 1917 indiredtis
835 1876 923 1917 alias
963 1877 1190 1930 negligunt,
1229 1887 1275 1917 vt
1315 1886 1376 1917 tot
1417 1889 1540 1920 nouos

224 1942 448 1995 quantitates
479 1938 689 1980 constantes
721 1940 927 1981 arbitrarias
965 1941 1140 1994 aequatio
1182 1940 1373 1993 integralis
1413 1944 1537 1982 conti-

224 2015 312 2044 neat
332 2037 343 2055 ‚
374 2012 469 2058 quot
501 2002 694 2044 methodo
729 2003 941 2058 integrandi
976 2002 1120 2045 directa
1152 2003 1199 2044 ab
1230 2004 1425 2045 additione
1443 2018 1537 2046 con-

226 2067 402 2110 stantium
434 2066 590 2122 prodire
623 2065 862 2122 potuissent„
921 2064 1255 2123 circumspectum
1300 2066 1364 2108 hic
1406 2070 1537 2170 vtique

818 2130 857 2171 A
894 2142 918 2169 2
1461 2138 1536 2171 eie
