2044 2735
530 102 616 144 398
786 88 864 130 DE
898 82 1224 129 DENSITATE
1259 79 1600 128 MJXTORVM

534 218 793 262 quamcunque
813 203 976 253 induunt
990 201 1148 255 figuram
1171 235 1181 253 ,
1215 215 1307 257 quae
1326 203 1363 242 in
1382 202 1489 243 fluxu
1506 203 1668 257 globulis
1683 205 1832 245 alterius

538 271 690 313 Metalli
728 270 786 308 {eu
824 266 1077 306 Semimetnlli
1119 266 1359 319 interpositae
1392 265 1509 306 fortini
1530 267 1601 308 hos
1634 270 1750 322 magis
1782 271 1833 308 di-

537 333 710 376 stendunt
730 365 740 384 ,
773 343 886 385 quam
920 330 946 371 ss
981 329 1077 383 ipfae
1106 329 1228 368 adhuc
1261 329 1405 382 globuli
1438 328 1578 383 effent‚
1612 331 1700 371 ideo
1733 334 1837 372 mix-

539 407 579 439 ta
613 395 710 436 fiunt
742 396 894 435 rariora.
962 393 1252 434 Attradtiouem
1286 403 1324 433 et
1354 394 1606 446 repulsionem
1638 397 1736 436 circa
1754 408 1839 449 par-

541 470 598 502 tes
631 459 876 500 Metallorum
917 469 957 497 er
989 455 1342 498 Semimetaliorum
1384 456 1545 498 susorum
1585 458 1689 509 dari,
1729 471 1839 499 com-

540 524 704 578 probant
737 522 1020 574 experimenta,
1055 521 1120 560 vbi
1152 520 1264 559 omni
1297 520 1461 560 adhibita
1492 533 1577 560 cura
1612 521 1842 562 nullacom-

543 588 686 627 mixtio
715 585 888 637 procedit
907 616 916 636 ‚
950 593 989 623 et
1007 583 1076 623 alia
1098 583 1160 623 vbi
1181 583 1368 623 miscenda
1386 584 1592 623 admodum
1612 585 1718 624 auide
1749 588 1844 625 co'e‘-

543 660 644 701 unt,
696 649 747 688 ita
797 657 841 686 vt
881 660 917 687 e.
948 659 984 699 g.
1021 645 1196 699 Cuprum
1237 659 1323 686 cum
1368 643 1527 697 Zinco,
1561 647 1720 687 Ferrum
1753 661 1842 688 cum

544 714 692 754 Stanno
722 711 838 762 longe
870 710 1016 750 mitiori
1034 711 1128 764 ignis
1157 709 1272 763 gradu
1305 709 1530 761 fundantur,
1565 723 1678 763 quam
1711 712 1737 752 si
1770 712 1844 751 iola

544 777 624 831 igni
657 774 832 827 exposita
863 771 1026 813 fuiffent.

661 840 697 888 §.
722 844 757 879 8.
795 837 895 877 Huic
929 836 1170 876 dissertationi
1188 846 1381 889 apponere
1407 835 1510 874 lubet
1527 835 1705 888 singniare
1726 838 1848 890 quod-

547 904 635 944 dam
655 902 954 956 phaenomenon
982 899 1200 952 Magnetis,
1233 899 1335 951 qnod
1367 909 1570 952 occupatus
1602 901 1698 938 circa
1723 903 1847 940 mixta

550 965 802 1009 Metallorum
835 974 875 1002 et
907 961 1262 1002 Semimetaliorum
1296 962 1440 1000 detexi.
1506 962 1706 1006 Obieruaui
1741 976 1850 1003 nem·

549 1043 600 1084 pe
632 1029 860 1081 Magnetem
894 1026 1089 1065 minorem
1125 1024 1209 1077 plus
1248 1036 1358 1076 agere
1391 1025 1429 1063 in
1464 1026 1588 1065 mixta
1627 1025 1730 1066 Ferri
1761 1038 1849 1066 cum

551 1093 720 1135 Metallis
747 1098 784 1130 et
817 1087 1090 1128 Semimetallis
1108 1087 1289 1140 Magnete
1309 1087 1484 1140 maiore,
1516 1089 1578 1142 qui
1613 1089 1717 1129 Ferri
1736 1101 1834 1143 quan

553 1157 703 1196 titatem
741 1152 860 1205 duplo
903 1153 1091 1191 maiorem
1132 1150 1286 1190 attrahit
1326 1163 1437 1203 quam
1482 1153 1622 1191 minor.
1687 1152 1854 1205 Experi-

555 1230 715 1269 menta,
749 1228 841 1269 quae
876 1215 976 1254 hunc
1014 1215 1051 1253 in
1086 1214 1205 1254 finem
1238 1213 1404 1262 institui,
1447 1214 1638 1255 breuitatis
1679 1216 1781 1255 canili
1816 1216 1851 1257 in

554 1282 654 1323 hanc
704 1279 868 1320 tabulam
918 1278 1079 1317 conieci.
1142 1277 1268 1316 Prima
1320 1277 1498 1317 columna
1542 1290 1710 1319 continet
1758 1279 1852 1318 osto

553 1346 755 1400 Magnetes
797 1342 836 1382 A
860 1372 870 1391 ,
912 1340 945 1381 B
965 1374 975 1392 ,
1019 1339 1053 1380 C
1075 1373 1084 1391 ,
1128 1339 1169 1380 D
1190 1373 1199 1390 ,
1235 1339 1270 1379 E
1289 1371 1300 1389 ,
1336 1340 1364 1379 F
1387 1367 1398 1388 ‚
1436 1340 1475 1383 G
1500 1374 1511 1393 ,
1542 1342 1579 1382 H
1601 1375 1610 1392 ‚
1642 1343 1852 1382 denotatos.

554 1409 770 1460 Vnicuique
810 1404 1035 1457 adscriptum
1067 1404 1119 1443 est
1139 1438 1150 1456 ,
1190 1402 1336 1456 pondus
1369 1405 1567 1457 proprium
1611 1419 1700 1445 cnm
1733 1418 1857 1446 arma-

556 1481 659 1523 tura,
698 1469 844 1523 pondus
861 1468 961 1519 quod
981 1467 1164 1519 attrahit,
1200 1478 1381 1519 quaenam
1401 1468 1498 1508 istius
1530 1469 1566 1506 in
1585 1469 1708 1522 digitis
1742 1480 1778 1508 et
1811 1469 1857 1508 li-

559 1536 639 1575 neis
693 1533 796 1586 pedis
839 1530 1037 1582 Anglicani
1086 1531 1129 1570 sit
1180 1529 1402 1582 longitudo,
1454 1531 1638 1581 altitudo,
1699 1532 1855 1571 latitudo

562 1607 600 1638 et
641 1596 808 1638 distantia
852 1594 1005 1646 pedum.
1071 1594 1115 1634 In
1149 1594 1303 1633 secunda
1341 1594 1449 1644 stin,
1485 1604 1580 1644 4ta‚
1620 1604 1682 1641 sta
1733 1604 1771 1633 et
1790 1598 1857 1632 6ta

561 1661 739 1701 columna
778 1657 856 1696 sunt
897 1656 1004 1695 frusta
1037 1659 1250 1696 mixtorum
1285 1667 1373 1693 cum
1409 1657 1472 1695 suo
1490 1656 1659 1709 pondere
1691 1657 1858 1709 designa-

562 1735 599 1763 ta
630 1733 670 1762 et
702 1734 722 1760 e
754 1720 908 1771 regione
941 1719 1048 1757 vnius
1081 1720 1257 1771 cuiusque
1292 1716 1483 1770 Magnetis
1504 1720 1632 1759 videre
1651 1720 1725 1771 cst,
1766 1732 1859 1773 quo·

564 1786 684 1827 modo
725 1782 877 1838 quilibet
914 1781 950 1820 in
984 1781 1047 1821 ista
1079 1778 1353 1832 mixta-ngat?

1735 2104 1868 2145 Mixtn
