2044 2735
199 83 435 129 CVRVLIS
453 80 555 129 Om
562 83 613 129 M
620 79 737 128 PICl
756 83 918 128 APVD
937 78 1126 129 ELEOS
1142 85 1184 131 V
1182 86 1273 131 [CT
1276 83 1392 133 ORE
1423 93 1517 140 μυ

318 205 394 246 Rei
428 204 596 244 indolem
631 203 880 244 consideranti
913 203 1053 246 clarum
1086 205 1163 260 fit,
1198 205 1281 248 fieri
1321 218 1402 248 non
1441 217 1517 262 po-

197 265 306 308 tuisse
329 302 338 319 ‚
374 279 415 308 vt
460 281 555 308 xnus
588 267 806 309 Alcibiades
847 267 993 321 septem
1035 269 1119 312 suos
1148 283 1276 313 currus
1296 304 1306 323 ‚
1336 282 1433 325 quos
1463 268 1514 312 ad

194 343 382 372 certamen
424 332 608 384 miserat,
642 342 800 384 regeret.
867 330 905 372 Si
948 335 1115 374 omnino
1155 334 1234 389 ipse
1274 347 1346 389 per
1382 338 1417 376 se
1447 335 1513 376 de-

194 397 351 436 certauit
371 430 380 447 ,
416 408 494 435 non
530 396 596 436 nisi
632 396 741 435 vuius
771 408 898 435 currus
930 394 1008 435 effe
1041 399 1170 451 potuit
1201 395 1383 455 ἡνίοχος.
1437 396 1516 441 Sed

193 461 419 512 exemplum
456 460 622 499 desidero
641 491 650 509 ,
685 470 764 511 quo
795 458 980 512 probetur
999 491 1010 510 ,
1043 462 1147 513 quod
1181 473 1366 515 vmquam
1385 462 1513 503 domi-

197 536 264 563 nns
305 536 489 576 equorum
531 532 572 561 et
615 533 795 562 curruum
839 521 885 561 ad
926 523 1025 562 sacra
1063 525 1273 566 certamina
1307 524 1513 566 mifforum

194 587 354 639 ipsemet
407 599 472 626 cos
521 585 732 638 agit-auexit.
807 584 970 624 Videtur
1019 586 1066 626 de
1113 599 1162 628 eo
1203 601 1283 628 non
1328 585 1519 630 dubitasse

193 647 476 691 DACERIVS
497 681 509 700 ,
540 648 603 702 qni
638 649 684 688 ad
719 647 968 690 Plutarchum
1002 660 1094 691 nota
1115 663 1186 701 29.
1223 651 1368 705 afferit,
1404 652 1516 695 Alc-i-

193 715 341 754 biadem
378 713 459 753 illas
492 722 565 752 tres
598 712 742 765 palmas
763 746 774 763 ,
807 714 853 754 dc
883 713 1015 766 quibus
1047 715 1252 769 Euripides
1284 716 1337 756 ibi
1377 718 1525 758 citatus·

131 810 134 813 .
187 777 382 830 loquitur,
425 789 493 830 per
534 775 571 817 se
620 775 828 817 meruiffe:
871 776 1006 817 deinde
1049 789 1177 819 autem
1219 779 1412 821 absentem
1455 780 1513 820 bis

192 839 338 881 vicisse.
402 837 478 881 Sed
514 839 614 881 mihi
648 853 727 881 uon
763 839 987 894 persuaserit,
1006 855 1089 884 rem
1122 843 1205 895 ita,
1240 854 1285 884 vt
1319 844 1510 897 perhibet,

190 903 362 945 habuisse
382 937 392 957 ,
426 913 490 944 aut
522 903 660 944 habere
692 903 874 959 potuisse.
945 905 1137 960 Equidem
1170 907 1355 947 existimo
1397 909 1437 948 in
1472 919 1518 948 e-

189 982 353 1022 quorum
396 967 670 1008 decursionibus
710 978 750 1009 et
791 969 966 1023 bigarum
1006 971 1350 1026 quadrigarumque
1393 972 1515 1026 agira-

190 1033 358 1073 tionibus
388 1032 493 1072 idem
527 1030 727 1072 obtinuisse
748 1066 759 1085 ‚
792 1034 896 1087 quod
929 1035 969 1074 in
997 1034 1215 1074 hominibus
1246 1035 1402 1075 stadium
1445 1036 1514 1076 de·

191 1096 422 1136 currentibus
453 1095 698 1136 constitutum
719 1105 813 1136 erat.
880 1098 991 1148 Hos,
1025 1098 1191 1139 docente
1225 1097 1512 1140 PAVSANIA

192 1159 296 1200 Libr.
342 1159 414 1199 VI.
460 1156 557 1213 Cap.
609 1171 676 1206 13.
720 1173 799 1201 non
843 1162 1042 1202 turmatim
1081 1162 1338 1214 emittebant,
1373 1163 1434 1203 sed
1465 1162 1510 1204 s1-

192 1224 274 1264 mul
309 1233 469 1276 quatuor
488 1256 498 1274 ,
533 1235 626 1277 quos
658 1223 734 1263 sors
766 1225 912 1278 primos
929 1224 1214 1278 defignauerat‚
1249 1225 1512 1267 decurrebant,

192 1287 276 1328 Hos
298 1287 397 1326 inter
414 1287 476 1341 qui
496 1287 639 1340 primus
658 1287 799 1328 virtute
820 1288 940 1329 fuerat
953 1320 966 1341 ‚
1001 1289 1193 1330 dicebatur
1212 1286 1510 1347 ’ω’ξστεξτῖο-ας,

191 1361 254 1392 aut
293 1348 532 1408 κζατήο-ας,
573 1349 810 1405 habebatque
850 1364 946 1392 vnus
988 1352 1095 1407 spem
1136 1353 1290 1406 praemii
1312 1384 1322 1403 ,
1358 1355 1512 1407 reliquis

191 1415 306 1455 tribus
326 1448 337 1466 ,
371 1415 435 1468 qui
478 1426 552 1453 vna
596 1426 681 1454 cum
725 1415 794 1455 illo
837 1416 1081 1457 decurrerant
1101 1449 1112 1468 ,
1147 1415 1208 1456 sed
1248 1417 1345 1457 victi
1379 1418 1427 1458 ab
1460 1429 1511 1458 eo

186 1478 359 1528 fuerant,
392 1478 438 1518 ab
470 1477 642 1518 vlteriori
676 1479 739 1533 spe
774 1482 937 1520 omnino
968 1480 1135 1521 oeieetis.
1203 1479 1290 1520 Post
1322 1481 1394 1522 hos
1419 1494 1508 1535 qua-

189 1553 275 1583 tuor
315 1541 559 1582 decurrebant
601 1543 765 1582 totidem
810 1545 1031 1596 sequentes:
1061 1553 1100 1584 et
1138 1543 1188 1584 slc
1230 1545 1410 1598 deinceps
1451 1557 1509 1585 res

188 1605 440 1661 peragebat-ur
459 1637 470 1655 ‚
505 1605 625 1646 donec
660 1618 800 1645 omnes
831 1607 1105 1661 decurrerant,
1136 1606 1289 1660 semper
1319 1608 1512 1648 disceden-

190 1670 313 1719 tibus,
349 1670 411 1722 qui
446 1668 629 1722 postremi
663 1669 820 1709 fuerant.
886 1670 971 1711 Iam
1004 1670 1066 1710 his
1089 1667 1412 1727 ’ω’ξοτεξῦσασι,
1447 1672 1519 1713 seu·

187 1733 399 1774 victoribus
431 1733 471 1772 in
503 1735 628 1784 prima
661 1733 879 1774 decursione
899 1767 909 1785 ,
944 1746 1089 1774 nonum
1124 1735 1280 1775 instabat
1298 1747 1509 1788 certamen,

189 1807 234 1836 vt
267 1798 407 1836 tamdiu
441 1797 613 1850 quaterni
656 1797 926 1849 decurrerent,
961 1797 1085 1839 donec
1126 1798 1388 1840 deficientibus
1427 1801 1509 1840 aliis

190 1870 300 1913 atque
340 1860 422 1899 aliis
462 1874 560 1900 vnus
602 1871 732 1914 aperte
775 1862 903 1902 vicf'tor
934 1862 1226 1915 conspiceretur.
1295 1865 1401 1905 Rem
1435 1864 1504 1913 ita,

190 1934 233 1964 vt
266 1923 465 1975 diximus,
509 1925 545 1963 in
586 1925 704 1966 curuli
738 1926 854 1966 etiam
895 1927 1132 1977 certamine,
1167 1936 1211 1966 vt
1253 1927 1298 1967 de
1341 1927 1506 1980 pedestri

190 1998 336 2028 certum
369 1986 450 2039 cst,
485 1986 651 2030 habuiffe
670 2022 680 2042 ,
714 1988 915 2044 persuadet.
942 1991 1214 2033 Romanorum
1249 1991 1288 2031 in
1320 1993 1423 2032 circo
1442 2004 1508 2031 au-

756 2115 922 2170 Ggg3
1457 2117 1506 2159 ti·
