2044 2735
484 135 566 180 DE
597 133 770 178 SONIS
805 130 1196 180 MVLTIFARHS
1424 145 1510 190 173

197 256 263 296 nes
290 255 545 309 pendulorum
574 254 865 297 isochronorum
889 255 1144 310 sonorumque
1179 255 1510 310 proportionem:

201 321 414 362 Mousti-aui
457 319 595 359 scilicet
640 321 672 368 §.
708 319 849 360 XVII.
883 321 1033 360 valores
1067 321 1219 360 rationis
1252 319 1266 360 l
1306 321 1351 360 ad
1375 325 1400 377 j
1435 317 1513 361 effe

198 386 383 439 proxime
418 394 461 423 vt
491 384 673 437 quadrans
706 383 768 422 vel
799 393 873 423 tres
905 385 1124 437 quadrantes
1148 384 1209 424 vel
1237 385 1403 437 quinque
1421 397 1505 439 qua-

198 451 346 489 drantes
379 447 507 487 circuli
539 457 614 486 etc.
651 447 694 486 ad
729 448 896 498 radium,
930 448 994 486 vbi
1030 458 1160 487 tamen
1197 447 1271 486 {ola
1305 449 1402 487 ratio
1430 448 1510 501 pri·

197 526 263 553 ma
305 512 521 566 quadrantis
561 510 742 563 simplicis
784 511 830 550 ad
873 511 1019 550 radium
1056 510 1183 563 paullo
1217 511 1331 550 nimis
1363 524 1384 550 a
1418 524 1510 553 vera

199 578 347 617 aberret
374 609 385 627 ,
438 576 583 629 quippe
633 586 728 627 quae
780 575 985 614 accuratius
1043 574 1169 614 multo
1221 574 1255 614 se
1306 572 1421 614 habet
1463 584 1508 616 vt

198 639 237 677 τ’
261 652 288 689 7
322 641 368 679 ad
403 635 441 678 V
474 652 495 677 2
530 653 539 691 3
595 636 847 690 praefixtarum
901 649 1030 678 autem
1085 637 1279 678 rationum
1328 639 1507 693 quadrata

197 706 286 745 dant
338 704 529 742 rationem
583 702 760 741 sonorum
793 735 802 752 ,
855 700 935 742 sunt
987 702 1101 754 igitur
1154 713 1194 741 v.
1251 714 1307 755 gr.
1362 702 1403 742 in
1452 702 1507 743 la-

196 770 300 808 mina
333 767 478 807 clastica
510 767 622 805 altera
655 765 704 805 sui
740 767 983 806 extremitate
1019 778 1132 805 muro
1165 765 1286 805 infixa
1327 766 1405 806 duo
1445 765 1504 807 so-

196 834 236 871 ni
278 830 399 871 infimi
438 830 619 883 proxime
652 840 695 869 vt
730 834 745 876 ζ
783 830 829 870 ad
865 842 981 885 9qq,
1017 830 1043 869 si
1077 829 1121 868 sit
1153 840 1180 884 q
1213 830 1396 884 quadrans
1427 831 1502 871 cir·

197 896 284 946 culi,
318 895 422 934 cuius
453 894 576 934 radius
610 893 662 933 est
683 893 836 944 vnitas,
872 894 947 934 siue
980 893 1055 934 fere
1089 902 1134 933 vt
1173 906 1191 931 1
1231 894 1279 934 ad
1311 897 1402 946 6¹33
1444 907 1502 936 er-

195 973 247 1014 go
288 957 395 998 sonus
429 957 605 998 lecundus
646 959 719 998 erit
752 958 867 1010 primi
903 958 1086 1012 proxime
1120 956 1268 998 decima
1302 970 1403 998 nona
1444 960 1503 999 seu

195 1023 355 1076 duplicis
387 1022 546 1062 oct-auae
589 1022 719 1075 quinta
758 1033 821 1061 aut
855 1024 980 1076 potius
1014 1021 1174 1075 duplicis
1207 1021 1365 1062 ostauae
1397 1021 1503 1062 sexta

196 1089 345 1138 minor,
365 1099 416 1126 ex
445 1099 516 1140 qua
545 1098 683 1138 magna
707 1086 886 1126 sonorum
920 1085 1133 1127 differentia
1161 1084 1268 1126 facile
1295 1086 1501 1139 colligitur,

196 1152 362 1205 reliquos
382 1151 489 1189 sonos
506 1162 644 1189 omnes
661 1148 744 1188 fore
766 1150 1092 1203 imperceptibiles
1113 1164 1124 1203 3
1160 1148 1257 1190 Duo
1283 1160 1409 1191 nutem
1444 1151 1504 1191 so-

196 1216 234 1254 ni
254 1214 378 1254 infimi
398 1227 487 1253 cum
515 1212 688 1253 distincte
707 1214 851 1266 percipi
884 1213 1025 1267 poffint
1043 1246 1054 1265 ,
1089 1214 1199 1254 volui
1232 1212 1341 1254 huius
1372 1214 1502 1256 corol-

194 1278 276 1318 larii
296 1279 500 1317 veritatem
520 1279 791 1329 experimento
810 1277 1060 1330 cognoscere,
1100 1277 1204 1331 quod
1236 1276 1285 1317 fic
1326 1278 1466 1318 institui
1492 1293 1501 1318 :

311 1342 621 1395 Experimentum.
667 1342 797 1381 Acum
832 1340 1057 1392 chalybeam
1092 1353 1209 1380 vnam
1244 1339 1319 1380 fere
1355 1341 1499 1382 lineam

191 1403 352 1445 crassam
404 1414 443 1443 ct
490 1416 509 1452 5
555 1405 710 1457 pollices
762 1404 915 1457 longam
959 1405 1093 1457 parieti
1141 1404 1305 1444 firmiter
1354 1404 1500 1456 infixi,

192 1478 272 1509 tum
309 1468 511 1519 obstruam,
545 1468 571 1508 fi
604 1481 692 1509 acus
725 1477 807 1508 tota
842 1468 945 1508 asitu
980 1467 1138 1508 naturali
1173 1467 1405 1521 deturbetur,
1439 1469 1503 1509 so-

190 1545 281 1573 num
320 1532 425 1572 valde
457 1532 630 1572 obtulum
667 1532 791 1583 oriri,
825 1531 853 1571 fi
886 1543 982 1571 vero
1014 1532 1242 1572 extremitas
1272 1531 1386 1572 libera
1421 1533 1502 1573 eius

189 1597 320 1637 leuiter
352 1596 620 1649 perstringatur
640 1629 650 1647 ,
683 1595 813 1636 sonum
849 1597 1021 1649 generari
1054 1605 1224 1647 acutum,
1259 1595 1324 1649 qui
1359 1596 1500 1650 prioris

189 1661 240 1701 cst
286 1661 442 1713 duplicis
481 1659 641 1700 oetan-ac
683 1661 834 1700 circiter
875 1660 1036 1712 quinta,
1079 1670 1124 1700 vt
1164 1659 1279 1699 habet
1317 1658 1495 1701 theoria:

187 1725 408 1778 plerumque
441 1735 564 1764 autem
599 1724 717 1764 ambo
749 1723 827 1763 loni
861 1723 968 1764 simul
1008 1723 1176 1764 existunt
1218 1732 1331 1777 atque
1369 1723 1495 1766 distin-

186 1788 346 1829 ffiffime
382 1789 655 1841 percipiuntur.

304 1853 336 1900 ξ.
371 1851 486 1891 Vlll.
516 1851 562 1892 In
597 1851 671 1891 hoc
707 1851 981 1904 experimento
1013 1851 1128 1903 dixi,
1160 1850 1295 1891 ambos
1311 1851 1420 1906 saepe
1438 1851 1499 1892 so-

190 1928 258 1955 nos
290 1915 395 1955 simul
428 1915 638 1955 coexistere
672 1926 708 1954 ct
744 1915 922 1967 percipi,
954 1927 1026 1955 nec
1060 1915 1099 1954 id
1131 1915 1272 1954 mirum
1294 1915 1372 1966 est,
1407 1927 1495 1956 cum

189 1990 318 2018 neutra
361 1978 541 2017 oscillatio
589 1990 756 2019 neutram
799 1978 946 2018 officiat
995 1979 1060 2018 vel
1102 1979 1387 2031 impedimento
1420 1979 1496 2032 s1t3

191 2053 382 2094 vtcunque
418 2043 518 2081 enim
553 2042 691 2081 lamina
728 2043 875 2082 ratione
908 2042 1016 2082 vnius
1047 2042 1288 2082 oscillationis
1323 2043 1496 2082 incurue-

190 2115 261 2157 tur,
296 2105 440 2159 poterit
472 2114 600 2145 tamen
642 2106 790 2159 semper
831 2117 874 2145 vt
915 2106 1018 2147 recta
1051 2106 1308 2158 considerari,
1345 2107 1494 2146 ratione

751 2168 790 2209 Y
815 2179 839 2216 3
1436 2168 1491 2209 al-
