2044 2735
609 101 1150 165 METEORotooic-AE
1444 130 1531 173 345

333 238 369 287 ξ.
403 249 444 288 9.
482 232 722 280 Grandinem
757 237 911 294 experti
945 236 1069 280 sumus
1101 236 1162 279 die
1203 247 1244 288 ς.
1288 232 1535 291 Septembris,

212 302 361 343 furente
394 298 590 356 Zephyro
623 312 663 342 et
695 303 861 344 multum
893 302 1065 343 variante
1084 334 1096 354 ,
1128 302 1322 356 impetum
1340 302 1448 343 suum
1466 303 1536 344 du-

212 379 250 406 as
291 366 404 407 horas
440 374 529 406 ante
560 366 783 420 grandinem
816 365 1054 407 decidentem
1097 363 1338 418 assumente3
1385 378 1449 405 22.
1498 377 1536 408 et

214 441 270 478 23
311 427 549 485 Septembris
606 428 752 471 furente
796 429 939 470 iterum
974 425 1346 482 Borea-Zephyr03
1388 431 1537 485 magni-

213 494 309 535 tudo
341 494 479 549 prioris
508 492 702 546 grandinis
734 502 814 534 erat
845 492 904 533 vti
938 492 1110 547 pisorum
1144 493 1437 546 campestrium,
1471 505 1530 534 or-

216 559 362 598 dinaria
402 557 554 611 quidem
575 588 586 608 ,
629 556 688 597 [ed
728 555 852 597 forma
892 567 1101 609 granorum
1143 555 1359 597 sensibiliter
1400 557 1535 597 conica

215 631 293 662 erat
312 651 324 673 ,
360 622 411 662 ita
443 630 488 660 vt
522 620 668 660 vertice
687 652 697 671 ‚
732 631 770 661 et
802 620 884 660 base
913 618 1113 672 circulari,
1147 620 1315 674 praedita
1332 617 1468 661 essent.

330 684 365 732 ξ.
405 696 476 723 10.
510 683 744 739 Quotidiana
778 683 1041 724 obseruatione
1071 683 1222 739 liquet,
1257 684 1373 726 nubes
1412 684 1534 725 varias

211 749 366 789 induere
399 747 567 801 figuras:
601 746 663 787 sed
694 747 757 788 die
796 759 868 798 13.
903 746 991 789 Iulii
1023 746 1134 789 huius
1176 748 1267 788 anni
1306 760 1434 790 earum
1476 748 1533 788 se-

208 814 304 853 riem
347 811 511 866 aliquam
552 809 669 865 plane
708 810 932 865 singularem
974 810 1170 853 obseruaui
1189 843 1201 861 ,
1253 823 1349 866 quae
1397 811 1532 853 multis

206 875 476 930 spectatoribus
496 907 507 927 ,
542 875 746 930 praecipue
764 876 886 916 nautis
917 873 991 916 huc
1011 874 1401 930 adpropinquantibus
1418 908 1429 926 ,
1465 875 1533 917 ad-

205 940 404 981 mimtioni
438 938 519 980 fuit.
586 939 681 981 Erat
714 950 764 979 eo
793 940 855 980 die
887 948 978 980 toto
1011 949 1190 994 tempore
1230 938 1532 980 antemeridiano

207 1005 362 1046 coelum
398 1002 556 1043 nubibus
588 1002 779 1044 continuis
810 1002 1024 1045 obduCtum
1043 1036 1054 1056 ‚
1089 1003 1204 1044 flante
1234 1002 1429 1043 mediocri
1446 1003 1531 1044 Au2

208 1069 285 1109 stro
306 1064 533 1121 Zephyr03
568 1066 655 1121 post
689 1067 890 1109 meridiem
924 1079 1023 1108 vero
1054 1076 1191 1108 ventus
1220 1075 1382 1107 mutatus
1414 1066 1528 1108 estin

207 1132 434 1173 leuiffimum
468 1126 850 1185 Borea-Zephyrum
873 1164 884 1183 ‚
916 1130 982 1185 qui
1013 1130 1061 1171 ad
1078 1131 1279 1186 vesperam
1305 1130 1419 1185 plane
1446 1132 1530 1185 qui-

207 1197 284 1237 euit
303 1229 314 1248 ‚
348 1205 386 1235 et
419 1195 533 1235 coelo
566 1194 740 1235 serenitas
770 1195 919 1249 integra
956 1193 1125 1236 restituta
1143 1226 1154 1246 ‚
1196 1194 1224 1234 fi
1255 1193 1375 1234 solam
1425 1193 1528 1236 hanc

205 1260 342 1299 scriem
376 1259 540 1299 nubium
581 1259 753 1312 excipias
773 1291 783 1310 ‚
815 1271 908 1313 qnae
941 1258 1094 1312 plagam
1128 1256 1334 1298 Bor-caleni
1364 1270 1524 1311 occupa-

207 1324 264 1364 uit
284 1357 293 1375 ‚
326 1333 364 1363 et
397 1323 443 1362 ab
474 1322 689 1363 Occidente
724 1322 845 1362 verius
878 1323 1080 1364 Orientem
1113 1323 1248 1362 leuiter
1280 1322 1435 1362 decliuis
1459 1333 1528 1375 ap-

206 1388 359 1440 paruit,
394 1396 437 1425 vt
470 1387 522 1426 ibi
556 1387 671 1439 paulo
707 1387 896 1427 maiorem
928 1385 1164 1426 altitudinem
1199 1386 1304 1438 supra
1337 1384 1518 1426 horizon-

206 1460 286 1491 tem
324 1460 469 1490 teneret
504 1462 618 1502 quam
651 1450 725 1490 hic.
791 1449 975 1490 Latitudo
995 1449 1104 1489 huius
1122 1449 1250 1489 fasciae
1270 1449 1426 1489 nubium
1444 1458 1524 1489 erat

204 1515 354 1554 circiter
393 1526 446 1552 10
482 1513 665 1566 graduum
686 1545 696 1563 ,
731 1523 770 1552 et
803 1516 945 1567 integra
984 1513 1093 1552 series
1125 1514 1326 1553 terminata
1349 1514 1525 1566 vtrinque

207 1578 313 1617 lineis
346 1577 422 1617 fere
456 1577 570 1617 rec‘tis
604 1578 703 1616 inter
736 1577 770 1616 se
803 1577 988 1632 puralielis
1022 1575 1134 1628 AB,
1168 1588 1204 1616 et
1240 1575 1338 1618 CD.
1414 1579 1521 1616 Arca

202 1641 330 1681 fasciae
366 1641 503 1694 ibique
538 1640 682 1694 repleta
718 1651 797 1680 erat
832 1642 962 1681 colore
998 1643 1099 1680 tenui
1135 1640 1300 1680 subfiisco
1322 1671 1332 1691 ‚
1367 1641 1430 1693 qui
1465 1640 1518 1679 di-

203 1704 356 1745 stinctus
387 1714 466 1744 crat
500 1705 538 1743 in
573 1715 698 1757 partes
729 1706 864 1745 multas
895 1705 1005 1744 valde
1046 1704 1272 1757 nigricantes
1294 1733 1304 1748 ,
1344 1716 1433 1756 quus
1473 1702 1519 1743 fi-

201 1781 289 1821 gum
322 1778 493 1809 accurate
533 1768 713 1808 ostendit.
779 1766 880 1808 Cum
910 1769 1013 1808 enim
1034 1768 1334 1822 phaenomenon
1355 1766 1430 1807 hoc
1451 1779 1519 1820 per

201 1833 343 1884 aliquot
377 1832 488 1871 horas
520 1843 701 1884 duraret,
737 1842 775 1873 et
809 1832 968 1873 nubium
1009 1832 1128 1885 figura
1170 1833 1314 1871 interea
1355 1831 1520 1872 immota

201 1895 409 1948 perstaret:
447 1892 583 1935 Cumui
619 1897 743 1937 statim
779 1907 823 1936 vt
856 1896 981 1937 omnis
1014 1908 1144 1937 eurum
1181 1894 1348 1948 aspectus
1366 1907 1435 1948 per
1452 1895 1520 1934 du·

201 1971 244 1997 os
276 1958 532 1998 delineatores
567 1960 803 2001 Academiae
838 1961 1009 2015 peritos,
1044 1973 1107 2000 me
1142 1959 1334 2013 praesente
1355 1988 1366 2006 ‚
1410 1957 1519 1998 omni

201 2021 277 2062 fide
311 2021 576 2061 delinearetur.
614 2025 849 2078 Aspeximus
881 2034 1007 2064 autem
1042 2023 1140 2064 hanc
1160 2023 1319 2063 nubium
1352 2020 1518 2060 sormam

200 2086 248 2126 ab
282 2083 374 2124 hora
409 2085 620 2137 xespertina
662 2099 710 2125 11
749 2088 865 2140 vsque
900 2087 946 2128 ad
987 2099 1004 2125 1
1046 2086 1132 2140 post
1163 2086 1332 2127 medinm
1359 2083 1517 2123 nostem

265 2149 364 2191 Tom.
403 2148 516 2191 xm.
782 2152 826 2190 X
862 2161 891 2190 x
1395 2146 1514 2199 qualis

1537 1396 1607 1427 'stib-
1638 1398 1703 1430 XII·

1557 1437 1606 1476 fig.
1635 1449 1662 1470 1.
