2044 2735
523 127 615 166 ιη
861 111 938 151 033
972 104 1146 152 MOTV
1181 107 1504 154 CORPORVM

520 226 547 267 si
579 237 672 278 ergo
707 234 831 277 partes
865 224 1043 277 corporis
1076 222 1146 263 sint
1180 220 1378 264 dissolutae
1398 257 1408 277 ,
1443 222 1601 277 singulas
1633 226 1731 278 quasi
1758 237 1835 279 ope

520 288 577 328 fili
608 288 689 328 fitis
721 286 826 326 fortis
859 289 902 328 ad
938 299 1053 327 axem
1088 286 1254 339 alligatas
1288 286 1365 327 effe
1398 295 1586 340 oportet,
1621 287 1674 329 sin
1705 297 1834 328 autem

520 364 660 405 corpus
691 351 801 391 fuerit
832 351 988 391 [olidum
1009 382 1019 400 ‚
1062 351 1112 389 ita
1147 360 1190 389 vt
1225 352 1302 390 eius
1336 360 1461 405 partes
1493 352 1593 392 inter
1633 351 1837 391 ie-omnes

525 416 691 456 firmiter
740 415 812 455 siut
852 426 1082 464 connexae,
1125 423 1208 454 tum
1251 413 1389 454 sufficit
1431 425 1477 454 vt
1521 423 1648 455 totum
1698 426 1838 468 corpus

524 479 644 519 vnico
687 476 757 519 filo
787 491 878 518 cum
909 490 983 518 axe
1015 477 1060 518 sit
1092 489 1315 518 connexum
1342 510 1352 530 ,
1391 479 1496 532 quod
1528 478 1710 520 omnibus
1745 478 1838 517 viri-

522 542 591 585 bus
609 574 620 595 ‚
652 541 788 596 quibus
818 541 984 594 singulae
1022 541 1102 581 eius
1133 550 1257 594 partes
1300 544 1346 581 ab
1379 553 1454 582 axe
1487 542 1665 583 recedere
1696 553 1839 581 conan-

524 615 618 658 tur,
651 604 896 659 aequiualeat.
962 604 1034 645 His
1065 604 1180 657 igitur
1213 603 1286 645 filis
1319 614 1444 645 motus
1477 606 1644 659 partium
1681 603 1841 645 circula-

522 670 574 710 ris
617 668 924 720 conscrnabitur,
966 667 1136 708 celeritas
1178 678 1305 708 autem
1339 667 1447 708 nullo
1481 670 1606 709 modo
1637 668 1840 709 afficietur.

524 733 595 774 Ex
646 745 724 786 quo
775 744 845 786 per
896 732 1065 785 primam
1115 731 1360 772 mechanicae
1403 732 1529 785 legem
1568 733 1763 786 sequitur,
1797 733 1838 772 in

524 796 710 838 eiusmodi
741 806 850 836 motu
883 796 1070 836 rotator-io
1104 795 1337 835 celeritatem
1359 827 1369 847 ,
1403 808 1475 848 qua
1507 808 1644 849 corpus
1673 806 1839 847 rotatur,

525 869 716 915 perpetuo
758 859 923 899 eandem
967 857 1176 898 conseruari
1214 858 1351 899 debere
1371 891 1382 910 ,
1423 871 1546 912 neque
1580 860 1618 898 in
1649 858 1841 899 celeritate

528 924 786 964 mutationem
824 922 941 962 vllam
976 923 1067 961 oriri
1102 919 1211 974 posse
1242 922 1308 962 nisi
1340 933 1362 960 a
1396 921 1500 963 causa
1545 932 1718 963 externa.

645 989 679 1035 §.
702 997 742 1034 7.
779 983 821 1026 Si
864 986 979 1038 igitur
1020 997 1156 1038 corpus
1189 984 1351 1025 solidum
1372 1019 1382 1037 ,
1424 987 1529 1025 cuins
1561 995 1685 1038 partes
1718 984 1836 1025 firmi⁴

530 1059 588 1091 ter
622 1049 722 1090 inter
765 1050 798 1088 se
832 1049 1071 1098 cohaerent,
1115 1049 1180 1087 axi
1231 1049 1396 1101 cuipiam
1451 1048 1537 1089 fixo
1568 1048 1677 1089 fuerit
1709 1049 1838 1102 alliga·

520 1123 643 1164 ⁴tum,
684 1114 836 1165 hocque
878 1124 1016 1165 corpus
1058 1111 1158 1150 circa
1191 1110 1301 1152 istum
1337 1111 1444 1150 axim
1486 1125 1507 1151 a
1540 1112 1646 1152 causa
1676 1125 1840 1165 quacun·

528 1188 601 1230 que
651 1176 916 1230 impetrauerit
967 1183 1123 1215 motum
1174 1175 1439 1227 rotatorium3
1484 1184 1567 1215 tum
1612 1174 1655 1214 vi
1685 1175 1842 1228 propria

527 1239 686 1280 inertiae
725 1238 828 1280 hunc
871 1247 1027 1280 motum
1069 1238 1294 1278 rotatorium
1340 1246 1532 1292 perpetuo
1573 1237 1710 1278 eadem
1750 1250 1841 1278 cum

528 1301 723 1344 celeritate
755 1302 991 1343 conseruabit
1010 1334 1021 1352 ,
1055 1301 1124 1342 nisi
1157 1313 1178 1340 a
1211 1301 1353 1342 viribus
1394 1303 1566 1343 externis
1598 1302 1676 1342 eius
1709 1300 1843 1342 celeri·
1873 1320 1877 1324 ·

526 1375 584 1406 tas
626 1366 690 1407 vel
731 1376 910 1420 augeatur
951 1364 1015 1405 vel
1056 1365 1302 1405 diminuatur.
1367 1364 1518 1406 Interea
1567 1377 1662 1405 vero
1703 1377 1842 1419 corpus

527 1429 579 1469 ob
610 1430 693 1470 vim
730 1428 981 1482 centrifugam
1035 1440 1086 1468 ex
1139 1438 1247 1468 motu
1281 1428 1456 1469 omnium
1491 1429 1657 1482 partium
1691 1429 1843 1470 curnili-

528 1504 605 1533 neo
638 1492 876 1534 resultantem
912 1493 992 1532 vim
1025 1500 1161 1531 exeret
1192 1492 1232 1531 in
1266 1504 1382 1532 axem
1406 1525 1416 1543 ,
1457 1504 1621 1544 eumque
1653 1491 1718 1532 vel
1752 1505 1838 1547 pro-

528 1567 686 1597 mouere
706 1554 770 1596 vel
787 1555 965 1597 inclinare
984 1555 1201 1606 conabitur,
1232 1554 1465 1596 hancobrem
1484 1563 1599 1595 axem
1621 1565 1720 1595 tanta
1741 1557 1781 1595 vi
1801 1557 1841 1596 in

528 1619 597 1661 situ
628 1618 692 1660 suo
733 1619 891 1660 detineri
922 1627 1108 1673 oportet,
1142 1628 1187 1658 vt
1221 1619 1463 1673 promotioni
1506 1617 1566 1657 seu
1600 1618 1838 1658 inclinationi

531 1682 617 1722 fatis
635 1681 799 1724 resistere
819 1683 956 1723 valeat.
992 1682 1138 1723 Pendet
1158 1682 1221 1722 ista
1239 1683 1299 1721 vis
1314 1714 1323 1731 ,
1344 1694 1456 1734 quam
1475 1682 1556 1721 axis
1578 1681 1735 1731 instinct,
1757 1695 1837 1734 par-

532 1745 606 1787 tim
637 1746 684 1787 ab
701 1747 779 1787 eius
807 1747 995 1799 positione
1020 1745 1189 1799 respectu
1227 1745 1400 1799 corporis
1426 1745 1565 1797 partim
1585 1745 1632 1784 ab
1659 1745 1734 1798 ipsa
1753 1757 1840 1784 cor-

533 1810 640 1864 poris
657 1809 869 1862 celeritate,
888 1809 1054 1862 hincque
1080 1808 1145 1849 vel
1171 1808 1299 1850 multo
1327 1809 1452 1849 maior
1469 1808 1532 1847 vel
1560 1808 1686 1849 multo
1712 1809 1843 1849 minor

535 1871 621 1914 fieri
640 1872 780 1927 potest.
817 1873 879 1914 Fit
895 1881 1023 1913 autem
1050 1870 1195 1914 calculo
1221 1873 1383 1913 docente
1410 1870 1574 1912 minima
1600 1870 1695 1912 haec
1720 1871 1798 1923 νίς,
1815 1872 1844 1914 fi

538 1935 621 1977 axis
638 1949 708 1989 per
727 1946 902 1977 centrum
929 1935 1118 1990 grauitatis
1136 1936 1310 1990 corporis
1336 1933 1496 1975 transeat
1513 1967 1524 1986 ,
1560 1935 1599 1976 in
1619 1947 1698 1989 quo
1723 1934 1791 1976 situ
1817 1936 1844 1977 fi

533 1997 656 2039 vllam
694 2000 776 2041 vim
813 1999 943 2050 sentit,
979 2012 1023 2040 ea
1060 2011 1137 2039 non
1173 1999 1220 2040 ad
1256 1998 1569 2053 promouendum
1605 1997 1665 2040 sed
1691 2007 1842 2040 tantum

536 2062 583 2103 ad
625 2061 887 2106 inclinandum
920 2075 1035 2106 axem
1067 2063 1201 2106 tendit,
1266 2062 1366 2104 Fieri
1402 2071 1526 2103 autem
1559 2062 1656 2104 adeo
1690 2063 1814 2119 potest
1835 2095 1847 2115 ,

1798 2135 1845 2167 vt
