2044 2735
517 133 602 173 150
799 116 879 159 DE
914 112 1085 156 MOTV
1118 108 1546 155 OSCH-LATORIO

508 236 631 294 posse.
705 233 899 275 Ponamus
931 245 1024 285 crgo
1058 243 1197 285 corpus
1230 243 1283 270 ex
1319 230 1411 270 statu
1446 227 1654 281 aequilibrii
1689 226 1738 268 ita
1756 229 1823 269 dc-

510 301 651 342 turbari
674 331 684 351 ‚
717 308 761 338 vt
795 299 892 338 circa
925 295 1098 337 axemO
1134 307 1203 348 per
1222 293 1399 346 angulum
1434 292 1595 342 ΑΟα,
1627 291 1737 332 simul
1756 304 1824 330 ve-

511 377 558 406 ro
591 365 689 404 circa
722 361 906 401 flexuram
940 359 979 399 A
1015 372 1084 413 per
1118 357 1296 410 angulum
1329 355 1363 395 B
1383 357 1420 396 A
1442 358 1471 411 β
1500 355 1726 395 inclinetur:
1761 354 1827 393 fle-

514 439 653 468 xuram
687 425 790 465 enim
826 426 864 463 in
899 423 936 463 A
971 424 1022 462 ita
1055 422 1289 474 concipimus
1311 452 1321 470 ‚
1351 430 1397 459 vt
1430 431 1569 472 corpus
1600 418 1696 457 circa
1739 429 1825 457 cam

513 501 697 544 tanquam
731 489 828 528 circa
860 499 978 526 axem
1013 484 1292 526 horizontalcm
1328 485 1392 523 axi
1432 483 1471 523 O
1503 481 1720 536 parallelum
1755 491 1827 532 gy-

513 554 588 593 rari
628 561 755 606 queat.
831 550 919 590 Hoc
960 549 1072 601 igitur
1112 548 1179 588 situ
1219 547 1403 599 punc'tum
1443 547 1481 586 A
1510 558 1530 584 a
1570 545 1660 584 statu
1691 543 1830 596 quictis

515 616 714 668 elongatur
746 613 948 653 interuallo
983 613 1021 652 A
1042 624 1066 652 a
1085 644 1095 663 ‚
1130 621 1306 650 centrum
1338 610 1526 662 grauitatis
1558 617 1687 648 autem
1710 604 1748 647 G
1768 607 1826 646 in-

517 679 679 720 teruallo
711 676 781 730 Gg
800 709 811 727 ,
845 676 949 729 quod
981 675 1229 727 componitur
1258 684 1310 711 cx
1341 673 1438 712 binis
1467 672 1633 725 partibus
1665 668 1702 711 G
1724 684 1762 724 ‘y
1785 679 1825 709 et

516 757 558 798 ⁴y
569 756 629 795 g,
664 749 821 794 quarum
855 739 917 778 illa
951 752 973 779 a
1004 749 1118 778 motu
1151 738 1247 776 circa
1280 735 1468 776 flexuram
1502 736 1541 774 A
1563 768 1573 785 ,
1609 734 1703 774 haec
1731 745 1828 772 vero

518 819 542 846 a
575 814 686 846 motu
719 804 819 844 circa
852 814 967 842 axem
1000 801 1038 842 O
1075 799 1251 840 resultat:
1288 809 1488 852 Vtramque
1521 809 1650 838 autem
1669 796 1826 849 elonga-

521 870 673 910 tlonem
705 879 726 906 a
757 866 825 906 situ
860 865 1017 905 naturali
1050 863 1197 903 infinite
1232 873 1388 914 paruam
1430 861 1657 901 assumimus.

635 931 670 979 §.
707 940 778 978 34.
822 928 1012 968 Ponamus
1053 928 1128 966 iam
1171 937 1308 977 corpus
1348 925 1413 965 fibi
1454 924 1629 964 relietum
1665 935 1715 963 cx
1750 921 1828 962 hoc

519 996 616 1037 statu
651 995 701 1033 ita
734 993 780 1032 ad
815 992 958 1031 lineam
992 989 1216 1030 verticalcm
1249 987 1329 1028 Ob
1370 988 1548 1028 accedere
1568 1019 1578 1038 ,
1623 997 1667 1025 vt
1706 985 1825 1038 singu-

520 1059 581 1099 lae
616 1058 693 1097 eius
726 1064 848 1109 partes
880 1054 986 1095 fimul
1021 1055 1067 1094 ad
1099 1065 1188 1092 eum
1225 1052 1334 1091 fitum
1355 1083 1365 1102 ,
1397 1063 1515 1104 quem
1551 1052 1588 1090 in
1631 1049 1724 1089 statu
1765 1061 1827 1088 ae-

519 1120 682 1175 quilibrii
715 1119 893 1158 obtinent
914 1149 925 1169 ,
958 1116 1210 1170 perueniant,
1244 1114 1345 1166 quod
1365 1127 1453 1153 cum
1473 1113 1643 1153 euenerit
1662 1145 1672 1164 ,
1716 1122 1828 1152 motu

518 1191 717 1237 concepto
749 1181 922 1222 similiter
956 1182 994 1220 in
1029 1181 1185 1220 alteram
1220 1177 1416 1228 regionem
1451 1189 1590 1230 corpus
1621 1184 1829 1225 excurret,

519 1257 630 1300 atque
663 1244 913 1285 oscillationes
946 1242 1155 1296 aequabiles
1188 1239 1355 1280 absoluet
1375 1273 1386 1291 ,
1420 1239 1462 1279 sit
1495 1251 1588 1292 ergo
1627 1237 1830 1290 longitudo

523 1307 682 1364 penduli
716 1307 893 1361 simplicis
924 1306 1114 1346 isochroni
1146 1304 1248 1360 :f
1317 1301 1428 1342 Dum
1461 1303 1573 1355 igitur
1590 1300 1827 1356 punitumA

523 1373 566 1413 in
598 1385 625 1412 a
658 1374 831 1424 peruenit
862 1369 1117 1422 percurrendo
1134 1367 1337 1421 spatiolum
1370 1367 1408 1406 A
1428 1379 1455 1407 a
1475 1399 1485 1417 ‚
1526 1375 1703 1404 centrum
1747 1376 1831 1416 gra-

523 1435 652 1477 vitatis
684 1434 856 1486 corporis
889 1431 927 1473 G
962 1433 1042 1485 ing
1062 1432 1270 1485 pertinget,
1303 1441 1342 1469 et
1380 1428 1561 1468 conficiet
1578 1427 1735 1481 spatium
1756 1426 1820 1481 Gg

525 1509 625 1551 quae
663 1495 777 1549 spatia
816 1496 880 1535 etsi
922 1494 1000 1534 sunt
1043 1494 1274 1542 cumilinca,
1317 1503 1442 1532 tamen
1487 1491 1598 1530 instar
1644 1490 1833 1530 linearum

528 1560 716 1601 rec'tamm
748 1558 971 1598 considerari
1008 1555 1174 1610 pofl‘unt.
1240 1554 1390 1608 Corpus
1410 1565 1501 1606 ergo
1520 1554 1558 1594 A
1579 1551 1612 1592 C
1633 1551 1666 1592 Β
1686 1551 1728 1592 D
1746 1565 1832 1606 pcr-

529 1623 618 1665 inde
652 1623 692 1662 in
724 1622 861 1662 statum
897 1621 1105 1673 aequilibrii
1138 1621 1344 1672 peruenit-t,
1378 1630 1419 1657 ac
1452 1616 1478 1658 fi
1519 1626 1627 1658 motu
1668 1616 1834 1667 angulari

525 1687 681 1726 senemr
712 1686 810 1724 circa
841 1696 954 1724 axem
990 1683 1271 1723 horizontalem
1305 1681 1430 1721 fixum
1463 1682 1527 1719 axi
1560 1680 1598 1719 O
1618 1678 1835 1732 parallelum

529 1749 572 1789 in
605 1748 748 1801 puncto
782 1747 818 1786 V
852 1748 1074 1786 existentem
1095 1779 1105 1795 ,
1140 1746 1242 1798 quod
1277 1744 1460 1797 punehim
1488 1743 1760 1782 determinatur
1778 1743 1830 1781 in-

529 1811 754 1852 tersee'tione
786 1810 910 1849 rectae
945 1808 982 1850 G
1003 1810 1039 1849 A
1075 1808 1280 1862 prodiretur:
1313 1820 1399 1846 cum
1418 1807 1586 1845 verticuli
1616 1806 1654 1845 O
1673 1807 1726 1856 ῥ’,
1771 1806 1835 1845 tali

532 1875 637 1914 enim
678 1883 787 1914 motu
832 1873 974 1925 puncto
1017 1872 1054 1911 A
1102 1870 1390 1924 pcrcurrcmlum
1432 1869 1485 1907 est
1527 1869 1683 1921 spatium
1721 1869 1835 1919 Aa,
1883 1853 1893 1863 '

537 1948 670 1977 centro
689 1937 876 1988 grauitatis
910 1934 947 1977 G
967 1945 1091 1974 autem
1112 1934 1269 1986 spatium
1302 1932 1405 1985 Gg3
1441 1932 1586 1984 prorsus·
1622 1933 1676 1971 vti
1712 1931 1837 1971 simul-

534 2009 642 2040 tanea
688 1999 857 2052 appulsu)
907 1999 1080 2050 corporis
1128 1997 1173 2036 ad
1226 1997 1358 2036 statum
1400 1996 1607 2047 aequilibrii
1658 1994 1835 2048 postulat.

535 2061 709 2119 Spatiola
742 2063 852 2117 1gitur
882 2074 902 2103 a
935 2062 1082 2115 surgulis
1132 2061 1307 2115 corporis
1347 2059 1549 2100 clementi>-
1591 2058 1839 2114 percurrenda

1755 2121 1840 2163 sunt
