2044 2735
578 133 1122 182 METEOROLOGICAE
1399 148 1489 191 ³42

299 253 335 302 §-
374 265 416 303 7.
453 253 586 296 Mense
620 255 792 308 Augusto
823 255 932 296 huius
964 256 1052 297 anni
1084 256 1198 311 coepi
1237 255 1489 310 quantitatem

183 316 334 371 pluuiae
365 329 403 358 et
438 318 583 359 niuium
619 320 777 371 metiri,
809 329 848 359 et
879 319 980 359 hunc
1014 320 1054 359 in
1088 320 1207 360 finem
1241 333 1301 360 eas
1329 321 1491 374 excipe-

181 393 222 420 re
256 382 292 419 in
328 382 412 421 vali:
451 382 610 435 ligneo,
641 382 820 436 quadrato
842 415 853 434 ,
884 384 989 422 cuius
1018 383 1213 436 quodlibet
1246 383 1340 423 latus
1384 391 1491 423 tenet

186 455 240 493 19
279 443 371 496 poll.
414 446 520 500 pedis
550 444 809 486 Londinenfis.
874 445 1048 498 Exposui
1082 445 1158 485 hoc
1188 446 1263 486 aeri
1294 446 1416 485 libero
1449 447 1490 486 in

179 505 332 547 solariis
351 539 362 559 ‚
396 509 504 549 lateri
537 508 710 548 orientali
742 517 780 547 et
813 508 1038 547 occidentali
1057 509 1209 548 aedium
1236 520 1405 548 mearum
1424 508 1493 549 ad-

179 570 335 623 iunctis,
370 584 421 611 ex
454 583 530 625 quo
563 571 704 610 filetum
738 570 890 624 quidem
924 570 995 621 est,
1030 580 1075 610 vt
1093 571 1378 623 pariesaedium
1397 583 1490 623 pro-

178 634 306 673 ximus
326 666 336 686 ,
370 634 506 674 dist-„ins
538 643 667 674 tamen
700 645 719 672 a
754 633 840 672 vasti
873 633 919 673 ad
953 633 1066 686 pedes
1099 637 1127 671 6
1146 666 1156 685 ,
1190 634 1342 687 pluuiae
1373 646 1489 687 quan-

177 696 302 751 doque
332 697 468 750 aliqnid
509 696 766 750 interceperit.
839 695 893 736 Et
933 697 1019 749 quia
1059 697 1135 737 hoc
1167 709 1234 737 vas
1266 698 1487 750 quadratum

178 769 351 814 apertum
382 760 464 800 cst:
497 759 640 800 solicite
674 759 813 799 attendi
832 791 844 811 ,
884 768 930 798 vt
965 760 1049 812 post
1088 760 1241 800 finitam
1281 772 1490 814 quamcun-

176 835 248 876 que
279 823 450 876 pluuiam
486 823 611 864 statim
645 823 804 863 metirer
837 824 1083 876 quantitatem
1118 824 1216 874 eius,
1249 833 1312 863 aut
1331 835 1427 863 vero
1446 823 1487 863 in

176 886 358 927 diuturnis
377 887 510 940 pluuiis
528 887 668 939 saepius
684 886 898 927 mensuram
915 896 1134 940 repeterem
1154 918 1164 937 ,
1196 896 1399 940 antequam
1420 897 1489 938 per

176 950 486 1002 euapomtionem
520 950 658 1004 aliquid
689 949 839 990 auolare
860 950 1039 1002 potuerit.
1106 948 1330 992 Mensuram
1356 959 1486 989 autem

177 1013 274 1052 niuis
307 1023 345 1053 et
380 1013 525 1066 pluuiae
557 1014 695 1053 institui
728 1013 907 1064 cylindro
938 1011 1060 1053 ferreo
1081 1043 1091 1061 ‚
1124 1013 1254 1052 stanno
1286 1012 1455 1052 obduc‘to
1475 1043 1486 1062 ,

173 1077 252 1115 eius
283 1077 523 1130 capacitatis,
554 1086 598 1116 vt
629 1075 732 1129 quod
766 1076 915 1116 calculo
949 1084 988 1114 et
1019 1077 1289 1129 experimento
1324 1074 1403 1128 ipso
1420 1087 1485 1115 co-

174 1140 291 1192 gnoui
314 1170 325 1190 ‚
365 1150 415 1176 21
457 1139 546 1179 tales
578 1151 670 1193 aqua
703 1138 835 1191 repleti
878 1140 914 1178 in
951 1138 1036 1178 vase
1076 1140 1258 1193 quadrato
1292 1138 1487 1178 efficerent

174 1202 409 1242 altitudinem
444 1214 562 1255 aquae
596 1203 706 1242 vnius
740 1201 891 1254 pollicis
924 1203 1184 1243 Londinenfis.
1251 1202 1318 1242 Ex
1336 1201 1395 1242 his
1410 1201 1485 1241 ita-

176 1278 247 1318 que
280 1266 428 1305 obtinui
461 1264 650 1319 lequentes
682 1265 985 1304 obseruationes:

960 1326 1024 1366 alt.
1062 1327 1211 1379 pluuiae

177 1403 195 1429 ’,ι
234 1402 287 1436 17
326 1390 480 1444 Augusti
514 1392 558 1430 ad
591 1390 709 1430 finem
745 1390 880 1431 mensis
942 1401 982 1427 0.
1024 1393 1093 1438 56.
1127 1392 1208 1444 poll
1239 1391 1366 1432 Lond.

482 1452 712 1506 September
776 1477 794 1484 -
827 1479 844 1488 -
942 1463 983 1491 2.
1023 1465 1096 1504 24.

473 1517 645 1558 Ostober
778 1539 797 1547 -
829 1536 846 1546 -
943 1529 986 1567 3.
1025 1527 1095 1565 15.

474 1580 702 1622 Nouember
774 1606 787 1612 -
824 1599 842 1610 ·
940 1591 979 1618 1.
1016 1593 1091 1629 44.

465 1642 685 1684 December
767 1665 785 1674 -
818 1665 835 1674 -
938 1654 976 1681 1.
1013 1650 1084 1683 80.

750 1734 910 1777 Summa
943 1752 986 1787 9.
1025 1750 1096 1788 19.

170 1805 300 1844 niuem
335 1803 373 1842 in
407 1802 492 1843 vase
522 1800 724 1843 comestam
757 1800 882 1840 calore
914 1811 1134 1854 temperato
1167 1801 1206 1840 in
1239 1813 1374 1856 aquam
1415 1815 1476 1843 re-

169 1867 257 1905 solui
291 1867 416 1906 curaui
454 1867 533 1918 ita,
565 1874 609 1905 vt
643 1878 708 1905 vas
742 1863 862 1904 linteo
896 1864 1101 1904 obtextum
1144 1863 1236 1904 esset
1258 1897 1268 1916 ,
1311 1866 1355 1905 ad
1397 1866 1479 1905 eui-

171 1928 324 1967 tandam
355 1928 683 1981 euaporationem.
747 1927 793 1967 In
827 1927 1049 1968 densitatem
1084 1939 1233 1981 quoque
1266 1941 1382 1980 aqu-‚ie
1422 1940 1476 1968 ex

174 1991 258 2030 niue
291 1991 445 2030 resoluta
477 2001 583 2031 ortae
626 1990 794 2045 inquilini
816 2019 827 2033 ,
866 1991 1138 2043 immergendo
1179 1991 1232 2030 illi
1265 1991 1475 2030 Aracome-

172 2062 271 2093 trum
308 2053 469 2094 vitreum
502 2053 702 2108 paruulum
726 2085 737 2104 ,
768 2063 807 2093 et
838 2053 1023 2108 capiendo
1042 2053 1251 2094 mensuram
1274 2054 1387 2107 partis
1405 2065 1473 2103 cy-

1359 2114 1473 2156 lindri
