2044 2735
230 142 691 193 OBSERMTIONES
734 146 786 189 Μ
791 143 870 190 ΕΤ
871 144 1280 193 EOROLOGICAE
1312 156 1380 191 etc.
1450 160 1541 202 379

227 265 387 306 altitudo
420 266 572 320 pluuiae
615 266 652 305 in
696 265 781 306 vase
814 277 834 305 a
866 279 932 306 me
964 266 1136 307 adhibito
1157 300 1166 317 ,
1206 268 1316 307 cuius
1346 269 1543 321 quodlibet

227 329 319 370 latus
365 343 418 379 19
478 331 696 383 pollicum,
739 327 944 382 assurgeret
985 330 1032 370 ad
1073 343 1191 370 vnum
1241 332 1458 384 pollicem:
1502 342 1542 372 et

226 405 323 432 vero
356 391 418 434 Ci.
453 393 708 437 Richmannus
743 392 912 433 adhibuit
944 393 1249 444 Hyetomctrum
1292 396 1480 447 ligneum,
1501 397 1541 436 in

225 468 304 509 quo
346 457 448 497 calix
492 457 607 497 habet
650 458 807 510 superne
849 468 978 496 aream
1015 456 1234 509 quadratam
1255 490 1266 508 ,
1307 459 1412 498 cuius
1445 460 1541 499 latus

231 531 255 557 2
290 520 430 574 pedum
472 520 600 560 Lond.
641 519 704 559 vel
741 531 812 571 24,
854 519 949 572 poll.
986 527 1091 572 patet
1112 550 1122 569 ,
1154 519 1325 560 instituto
1365 522 1541 573 calculo,

225 584 362 636 requiri
403 583 449 623 ad
490 584 593 624 hunc
635 582 793 622 calicem
835 594 952 634 quam
992 582 1179 634 proxime
1222 587 1314 630 332.
1350 585 1540 626 eiusmodi

224 647 447 698 cylindros,
488 657 532 687 vt
573 644 735 686 altitudo
777 645 911 698 puuiae
952 645 992 684 in
1027 644 1102 685 hoc
1138 644 1254 685 calice
1297 647 1345 687 ad
1377 647 1543 690 altitudi-

224 721 318 749 nem
358 710 469 750 vnius
511 709 656 764 pollicis
688 707 891 750 excrescat.
959 707 1081 762 Igitur
1119 707 1191 748 hac
1223 710 1370 750 ratione
1402 711 1540 753 Obser-

222 774 399 813 vationes
441 772 519 813 hoc
554 773 818 825 Hyetometro
861 771 976 814 saetas
1005 772 1137 813 reduxi
1181 773 1228 814 ad
1261 772 1423 826 pollices
1455 776 1537 816 alti-

221 836 392 876 tudinum
429 836 605 890 pluuiae,
640 846 679 876 et
712 846 849 876 eorum
884 846 1010 891 partes
1049 836 1280 877 centesimas.
1348 837 1444 878 Erat
1472 840 1542 880 ita·

221 912 293 952 que
337 900 496 941 altitudo
537 900 689 955 pluuiae
707 933 719 952 ,
767 910 806 939 et
836 901 933 942 niuis
973 899 1194 954 liquefactae
1216 932 1228 951 ,
1268 901 1309 940 in
1343 902 1541 955 pollicibus

219 962 543 1005 duodecimalibus
581 995 592 1014 ,
650 972 690 1004 et
738 975 875 1005 eorum
926 964 1094 1020 partibus
1139 963 1355 1006 centesimis
1429 965 1539 1022 pedis

220 1025 471 1068 Londinenlis
489 1061 500 1081 ‚
534 1028 715 1082 sequens:

226 1100 358 1144 1741.
396 1091 588 1132 Ianuarius
649 1113 987 1126 -----
1054 1104 1096 1132 0.
1117 1104 1174 1142 95

394 1155 611 1197 Februarius
645 1176 988 1189 -----
1049 1167 1091 1195 0.
1115 1166 1174 1204 37

395 1218 563 1260 Martius
644 1238 663 1250 -
727 1243 744 1251 -
805 1246 820 1252 --
886 1246 901 1252 -
971 1244 989 1252 -
1051 1231 1095 1258 0.
1117 1231 1174 1257 22

397 1283 545 1337 Aprilis
644 1302 986 1316 -----
1053 1295 1096 1322 0.
1116 1296 1172 1333 93

398 1346 529 1389 Maius
643 1372 984 1380 -----
1051 1358 1092 1385 0.
1119 1353 1173 1393 83

397 1410 529 1452 Iunius
646 1433 989 1444 -----
1057 1422 1096 1449 1.
1123 1420 1176 1457 13

396 1474 515 1516 Iulius
646 1499 987 1508 -----
1054 1486 1093 1515 1.
1121 1484 1178 1523 27

399 1536 590 1590 Augustus
640 1559 986 1571 -----
1048 1549 1090 1577 ο.
1114 1547 1171 1586 75

388 1600 622 1655 September
638 1622 982 1634 -----
1048 1613 1089 1641 2.
1116 1603 1178 1650 76

397 1665 572 1707 October
640 1683 981 1698 -----
1055 1675 1093 1705 1.
1117 1673 1179 1713 37

397 1729 627 1771 Nouember
721 1749 740 1761 -
801 1754 819 1762 -
885 1754 903 1763 -
963 1752 981 1760 -
1043 1738 1087 1776 3.
1111 1740 1167 1767 01

399 1792 623 1834 December
720 1815 737 1825 -
800 1820 815 1827 -
879 1813 898 1825 -
960 1817 978 1824 -
1040 1805 1084 1832 0.
1110 1798 1164 1834 88

761 1885 925 1930 Summa
947 1921 956 1929 .
981 1921 990 1929 .
1017 1902 1086 1940 14.
1108 1901 1164 1941 47

221 1951 367 1992 Ventos
414 1951 666 1993 vehementes
707 1954 860 2007 experti
899 1953 1023 1994 sumus
1064 1953 1140 1995 hoc
1171 1967 1274 1995 anno
1315 1954 1443 1995 diebus
1475 1953 1530 1995 se-

220 2016 429 2069 quentibus.
497 2015 661 2055 Ianuarii
706 2028 776 2056 11.
818 2030 886 2057 12.
927 2028 998 2064 13.
1034 2029 1106 2057 21.
1144 2021 1216 2057 26.
1256 2024 1327 2059 28.
1367 2030 1437 2067 29.
1461 2018 1532 2058 Fe·

221 2079 357 2119 bruarii
401 2090 470 2127 15.
519 2088 587 2127 17.
633 2091 704 2130 24.
754 2092 826 2130 25.
873 2085 942 2120 26.
983 2091 1054 2130 27.
1091 2081 1225 2123 Martii
1265 2091 1306 2130 7.
1348 2093 1418 2120 10.
1457 2093 1529 2132 14.

225 2154 294 2194 15.
334 2145 403 2185 16.
437 2154 508 2184 21,
545 2154 618 2184 22.
654 2153 727 2192 23.
764 2157 836 2194 24.
870 2145 1016 2197 Aprilis
1052 2156 1091 2196 5.
1130 2157 1199 2186 12.
1240 2157 1312 2196 19.
1350 2155 1423 2185 20.
1452 2157 1527 2186 22.

790 2206 825 2249 B
843 2207 867 2249 b
885 2207 908 2249 b
932 2220 957 2249 2
1451 2218 1525 2258 27.

1292 1865 1376 1882 ῃ
