2044 2735
526 140 616 181 440
650 124 732 170 DE
751 119 1173 187 GANDISAFORA
1192 115 1506 163 PERSARVM
1527 118 1839 181 QVONDAM

528 246 655 295 dicat,
698 242 738 282 in
781 239 1006 281 bibliotheca
1046 240 1234 280 Vaticana
1285 238 1498 278 asseruntur.
1567 237 1686 279 Huius
1738 235 1842 289 prior

529 319 681 349 tantum
716 318 802 361 pars
833 303 916 355 est,
960 317 1073 358 quam
1115 305 1246 344 auc‘tor
1287 303 1391 342 breui
1434 309 1523 341 ante
1556 302 1704 340 obitum
1738 300 1844 341 suum

529 381 713 425 tempore
743 368 907 409 Arabice
939 381 959 408 a
992 367 1027 409 se
1061 365 1281 408 conuersum
1314 366 1467 419 reliquit
1498 375 1539 404 et
1572 364 1775 405 Pocockius
1808 364 1846 402 in

531 435 659 477 lucem
702 432 908 488 protraxit.
972 431 1189 472 Enimuero
1229 429 1346 483 longe
1396 429 1568 483 pleniora
1612 427 1685 469 esse
1716 428 1849 467 omnia

533 500 574 540 in
607 497 767 551 Syriaco
786 529 797 549 ,
839 496 914 536 fiue
946 494 1042 535 ficta
1075 494 1250 536 Arabum
1283 504 1323 533 et
1360 493 1642 546 Mogulensium
1676 491 1820 543 specics
1840 523 1851 543 ,

534 563 613 604 siue
644 574 701 602 res
718 559 1018 602 Christianorum
1049 560 1088 599 in
1121 558 1286 598 Thracia
1305 591 1315 608 ,
1350 558 1388 597 in
1422 555 1562 608 Syria,
1596 557 1634 596 in
1668 554 1852 608 Mesopo-

534 626 654 666 tamia
686 634 724 665 et
757 625 797 664 in
831 623 980 664 Perside
999 655 1010 674 ‚
1042 622 1175 664 doetus
1209 620 1434 663 Assem-inus
1467 620 1622 661 testatur
1661 627 1701 658 et
1732 618 1851 673 speci-

536 689 702 730 minibus
732 687 964 742 cnmprobat
994 700 1028 727 c.
1061 684 1087 726 l.
1118 694 1208 741 pag.
1245 695 1347 732 312.

657 752 702 793 In
743 752 819 793 hoc
862 750 1116 802 dynastiamm
1157 749 1395 802 compendio
1435 748 1483 791 de
1513 747 1727 789 Aureliano
1768 747 1852 787 Au-

539 817 648 871 gusto
686 817 724 856 in
758 816 906 856 huncce
946 814 1109 854 modum
1142 811 1291 852 scribit:
1337 812 1587 865 „Aurelianus
1621 809 1756 852 Caesar
1787 809 1853 851 sex

540 893 687 935 „annos
718 879 930 933 imperauit.
997 877 1136 917 Pacem
1174 877 1257 915 iniit
1288 889 1375 916 cum
1409 875 1553 929 Sapore
1588 876 1776 916 Perfiirum
1798 886 1855 913 re-

543 957 618 998 „ge
638 977 648 996 ,
682 944 794 996 eique
826 941 944 981 filiam
977 941 1076 980 suzim
1111 950 1272 993 nuptum
1307 940 1438 991 dedit,
1480 941 1539 979 cui
1573 939 1760 979 exstruxit
1792 936 1856 977 Sa·

542 1019 686 1061 „pores
716 1007 755 1046 in
789 1005 938 1046 Perside
957 1005 1093 1044 vrbem
1114 1001 1305 1055 Byzantio
1324 1003 1509 1055 similem,
1526 1016 1638 1056 quam
1657 1000 1857 1044 Giondisa-

545 1071 639 1124 „bur
657 1069 869 1124 appellauit.
908 1068 1015 1109 Misit
1032 1076 1159 1107 autem
1179 1067 1403 1107 Aurelianus
1423 1100 1434 1119 ,
1476 1068 1540 1121 qui
1559 1067 1779 1107 inseruirent
1813 1063 1861 1105 fi-

545 1135 646 1188 „liae
686 1135 768 1174 suae
789 1167 800 1184 ,
838 1132 1009 1174 medicos
1048 1130 1216 1171 Graecos
1256 1131 1435 1184 quosdam
1457 1164 1467 1183 ,
1504 1141 1619 1185 atque
1650 1130 1706 1171 illi
1737 1128 1859 1171 medi-

546 1199 700 1252 „cinam
733 1197 1048 1250 Hippocraticam
1084 1195 1123 1234 in
1155 1195 1319 1236 Oriente
1356 1195 1578 1236 docuerunt.

664 1261 730 1303 En
763 1260 901 1301 illustre
943 1273 985 1300 ac
1019 1268 1151 1298 notatu
1185 1258 1440 1312 dignissimum
1475 1258 1653 1299 historiae
1683 1268 1863 1298 momen-

547 1334 660 1377 tum,
704 1324 807 1378 quod
848 1324 979 1377 vtique
1018 1323 1161 1363 mereri
1203 1323 1351 1363 videtur
1390 1322 1519 1363 seriam
1560 1321 1861 1376 inquisitionem.

549 1389 654 1430 Tam
688 1398 813 1429 autem
850 1388 970 1428 multa
1011 1386 1081 1439 ipsi
1123 1386 1270 1437 insunt,
1313 1398 1405 1440 quae
1444 1385 1606 1427 seorsum
1639 1385 1867 1426 consid-erari

547 1453 716 1503 debent,
749 1461 794 1491 vt
824 1452 989 1491 omnino
1021 1450 1146 1503 paucis
1178 1449 1330 1504 defungi
1363 1450 1440 1490 hoc
1482 1450 1611 1491 labore
1642 1462 1721 1489 non
1739 1449 1863 1488 liceat.

665 1515 837 1556 Primum
879 1523 1008 1554 autem
1050 1514 1281 1554 remouenda
1324 1515 1530 1566 videntur,
1565 1525 1658 1567 quae
1689 1514 1734 1553 ad
1767 1511 1867 1552 testi-

550 1580 675 1623 monii
707 1579 814 1619 huius
847 1578 1029 1631 ipsiusque
1069 1577 1169 1616 testis
1211 1577 1480 1617 auctoritatem
1525 1577 1750 1618 eleuandam
1783 1575 1861 1629 pos-

552 1645 638 1684 sunt
677 1642 916 1694 excogitari,
957 1652 1020 1680 aut
1057 1641 1134 1680 iam
1177 1641 1320 1693 prolata
1371 1640 1529 1681 suerunt.
1599 1641 1715 1695 Quod
1756 1639 1866 1691 igitur

552 1707 688 1747 ‘vnicus
739 1705 867 1754 testis,
916 1703 1013 1755 isque
1062 1704 1143 1742 aeui
1185 1703 1391 1743 admodum
1433 1704 1625 1754 recentis,
1667 1703 1703 1741 id
1737 1702 1867 1751 dixit,

554 1769 718 1810 omnino
767 1766 909 1806 morari
960 1764 1149 1805 adsensum
1190 1766 1242 1804 ita
1284 1765 1436 1817 potest,
1478 1773 1522 1803 vt
1565 1777 1682 1805 nemo
1733 1763 1869 1804 debeat

555 1843 702 1885 magno
746 1830 845 1869 vitio
886 1828 1157 1868 dubitationtm
1203 1828 1320 1867 etiam
1368 1828 1665 1881 pron-acumem
1703 1837 1868 1866 vertere.

558 1895 772 1940 Enimuero
790 1891 891 1946 quod
910 1893 1040 1931 vnicus
1075 1891 1128 1930 est
1148 1923 1158 1941 ,
1194 1892 1454 1944 imputandum
1489 1891 1695 1945 paupertati
1720 1890 1870 1930 nostrae

557 1961 708 1999 videtur
740 1966 778 1996 et
819 1956 924 1996 alicui
967 1954 1158 1994 socordiae
1214 1955 1250 1993 in
1293 1956 1521 2008 requirendis
1572 1954 1870 2007 publicandisque

561 2022 750 2063 codicibus
789 2019 1034 2060 orientalium
1078 2018 1328 2070 scriptorum,
1362 2020 1425 2071 qui
1458 2019 1613 2073 plurimi
1662 2027 1700 2057 et
1729 2017 1872 2070 optimi

563 2099 646 2128 non
694 2084 760 2128 suo
813 2085 954 2127 merito
999 2083 1040 2124 in
1080 2082 1237 2123 tenebris
1277 2082 1423 2124 [atitamt
1441 2115 1452 2136 ‚
1493 2081 1676 2140 promisti
1713 2090 1842 2123 autem
1862 2111 1875 2132 ‚

1779 2143 1871 2186 lecu
