2044 2735
187 108 430 155 CVRVLIS
448 104 740 154 OLYMPICI
755 103 922 152 APVD
942 108 1124 156 ELEOS
1141 109 1398 156 VICTORE
1415 123 1502 165 4²3

184 230 330 271 nienses
387 228 426 269 in
478 228 598 270 stadio
646 227 883 269 decurrendo
933 225 1086 270 fuerunt
1133 226 1505 288 νω-ξστεξπίσαντεςε

187 296 370 347 quoniam
412 304 465 332 ex
508 292 607 333 nulla
646 291 718 332 alia
755 300 868 344 gente
910 289 1074 333 Graeciae
1114 307 1196 335 vno
1237 305 1414 348 tempore
1448 306 1513 337 tot

187 357 256 397 visi
290 356 465 407 suerunt,
503 357 566 409 qui
607 355 702 396 alios
736 356 858 409 prima
892 355 1019 396 statim
1054 357 1272 400 decursione
1306 371 1326 398 a
1359 359 1424 412 spe
1450 359 1505 400 vl-

188 421 317 460 teriori
353 420 574 459 deiicerent.
641 417 716 459 Sed
751 429 954 472 propterea
989 432 1068 459 non
1098 419 1201 463 fuere
1233 422 1336 461 illico
1370 434 1509 464 omnes

187 484 391 533 coronati,
423 493 468 522 vt
510 483 624 536 aliqui
665 484 810 521 incaute
850 482 1150 536 perhibuerunt:
1191 496 1328 525 verum
1370 486 1507 525 debue-

186 558 274 587 runt
307 546 347 586 hi
380 546 524 600 septem
567 544 835 585 Crotonienses
858 575 868 592 ‚
899 557 943 585 ac
977 546 1003 586 si
1038 559 1179 599 praeter
1211 547 1296 588 illos
1334 559 1386 587 ex
1429 549 1511 589 aliis

186 610 396 650 ciuitatibus
435 610 549 662 aliqui
588 607 689 649 fuere
731 606 1099 665 ’ω’ξστεξήσαντες,
1145 613 1244 652 inter
1285 611 1320 651 se
1360 611 1507 652 tamdiu

187 685 329 714 certare
358 705 368 722 ,
413 673 569 713 stadium
620 673 828 713 identidem
880 674 1151 727 decurrendo,
1201 677 1327 715 donec
1371 674 1509 715 lassatis

186 738 319 777 ceteris
359 737 499 778 inuic'ta
541 737 650 776 vnius
692 738 812 777 virtus
851 737 1044 778 manifeste
1087 740 1406 792 cognosceretur:
1442 740 1507 794 qui

187 813 282 840 mus
314 814 498 841 coronam
532 800 638 841 stadii
679 801 924 854 consequutus
956 801 1025 842 est.

305 865 490 907 Redimus
523 865 570 904 ad
603 863 847 904 Alcibiadem
867 897 878 916 ,
910 865 957 905 de
990 877 1068 918 quo
1111 878 1211 908 nunc
1250 867 1384 907 omnia
1427 865 1511 908 satis

187 929 366 971 videntur
400 929 542 982 plana,
576 938 727 982 praeter
760 927 882 979 illud,
924 929 1026 982 quod
1068 939 1184 982 poeta
1233 931 1347 971 toties
1388 931 1511 972 dietus

189 993 296 1034 illum
338 993 392 1032 bis
433 992 532 1031 serto
576 992 809 1045 oleagineo,
841 992 880 1032 id
920 993 974 1033 est
1019 993 1236 1047 Olympico
1277 1005 1509 1036 coronatum

188 1057 376 1110 perhibet.
441 1055 618 1095 Vidimus
658 1057 746 1110 quid
787 1057 937 1096 erudito
979 1055 1148 1097 Dacerio
1193 1057 1406 1111 placuerit,
1441 1058 1512 1099 sci-

187 1121 277 1160 licet
310 1120 412 1174 quod
453 1120 537 1173 post
571 1119 790 1172 olympicas
821 1129 895 1159 tres
930 1120 1104 1172 palmas,
1141 1121 1230 1162 duas
1262 1122 1434 1176 praesens
1452 1135 1512 1163 re-

187 1185 319 1225 tulerit
339 1217 350 1236 ,
382 1183 435 1223 bis
484 1184 618 1223 deinde
667 1183 793 1223 absens
839 1194 1039 1224 coronatus
1089 1185 1213 1225 fuerit.
1288 1186 1422 1240 Atque
1472 1186 1512 1226 id

188 1248 257 1301 ipsi
309 1257 508 1301 propterea
558 1247 730 1287 maxime
780 1247 963 1298 videtur,
1013 1247 1118 1301 quod
1168 1247 1311 1289 dietum
1355 1249 1409 1290 est
1452 1247 1515 1298 δῖς

186 1307 433 1363 στεφθέντα
453 1307 662 1360 ἀπονητὶ.
728 1310 835 1351 Putat
856 1311 967 1363 igitur
985 1311 1181 1364 triplicem
1225 1313 1394 1366 palmam
1428 1325 1509 1354 non

185 1376 262 1416 fine
299 1388 444 1428 magno
476 1373 581 1415 fuisse
614 1375 745 1415 labore
780 1384 961 1428 partam,
993 1376 1081 1429 quia
1113 1375 1261 1429 septem
1303 1389 1430 1417 currus
1468 1390 1511 1417 a·

185 1441 303 1492 gitur-e
337 1440 546 1491 debuerat,
592 1438 650 1479 sed
692 1438 773 1479 alio
814 1447 992 1491 tempore
1034 1438 1158 1492 ipsum
1201 1439 1397 1480 absentem
1433 1440 1511 1481 fine

186 1502 364 1544 molestia
416 1512 454 1541 et
500 1502 630 1542 sudore
673 1501 834 1555 proprio
884 1501 1079 1542 honorem
1131 1503 1323 1544 meruiffe.
1389 1503 1511 1544 Enim

184 1578 282 1605 vero
317 1578 396 1605 non
434 1562 588 1618 poffum
622 1577 711 1606 cum
745 1565 864 1605 dosto
896 1565 983 1604 viro
1014 1564 1153 1606 sentire
1187 1567 1302 1606 etiam
1335 1568 1383 1608 de
1416 1568 1512 1607 binis

185 1630 342 1670 coronis
372 1629 448 1668 alio
483 1638 661 1681 tempore
693 1629 823 1681 partis.
889 1627 987 1668 Non
1022 1629 1129 1668 enim
1163 1630 1282 1670 video
1315 1631 1404 1683 quid
1432 1631 1513 1670 im·

184 1695 313 1748 pedi-at
333 1726 343 1745 ,
377 1704 455 1745 quo
486 1692 613 1732 minus·
653 1693 692 1732 in
726 1705 798 1732 una
830 1691 1037 1745 eademque
1063 1692 1303 1746 Olympiade
1322 1694 1412 1734 duas
1445 1705 1508 1735 co-

185 1769 296 1797 ronas
335 1755 381 1796 ab
423 1754 650 1809 equestribus
691 1755 960 1795 certaminibus
1000 1755 1191 1797 referret:
1233 1756 1333 1797 bene
1377 1768 1509 1798 antem

186 1820 331 1871 video,
365 1820 465 1873 quod
498 1828 614 1873 poeta
656 1831 735 1859 non
774 1819 950 1872 loquatur
980 1818 1027 1858 de
1059 1832 1101 1859 re
1135 1820 1286 1860 diuerfis
1319 1823 1511 1874 tempori-

186 1881 281 1933 bus,
317 1882 377 1922 sed
411 1883 524 1923 simul
559 1882 668 1935 gesta.
738 1881 889 1923 Scilicet
921 1895 1000 1922 non
1035 1885 1145 1923 vnins
1178 1884 1422 1938 eiusdemque
1442 1896 1509 1936 ge-

188 1947 287 1984 neris
337 1955 440 1984 erant
489 1958 648 1997 currus,
699 1947 762 2000 qui
806 1946 845 1985 in
877 1956 1072 1986 certamen
1115 1946 1402 1999 mittebantut3
1447 1947 1508 1989 sed

187 2009 398 2048 admodum
432 2008 582 2049 diuersi:
619 2019 664 2050 vt
716 2011 825 2063 bigae
846 2042 856 2060 ,
891 2009 1090 2063 quadrigae
1111 2041 1121 2058 ,
1157 2010 1322 2063 seiuges,
1356 2011 1511 2050 ostoiu-

187 2084 280 2127 ges:
313 2072 361 2112 de
395 2072 524 2126 quibus
563 2072 769 2116 dicendum
803 2072 919 2126 esset,
963 2073 991 2115 fi
1025 2085 1184 2115 omnem
1223 2086 1308 2114 rem
1341 2074 1510 2115 curulem

1394 2138 1519 2193 expli-
