2044 2735
422 98 794 147 LAMJNARVM
830 99 1255 148 ELASTICARVM
1424 118 1443 146 1
1457 118 1510 157 17

205 230 297 259 men
340 216 470 256 sonum
506 216 679 256 nondum
714 217 860 266 edunt,
897 216 961 257 nisi
996 217 1202 257 minimum
1245 221 1302 257 60
1347 228 1410 259 aut
1451 230 1509 269 70

201 282 434 321 vibi-itiones
467 281 562 319 intra
605 281 796 321 minutum
838 280 1041 320 secundum
1083 281 1358 335 pe1·fici21ntur·‚
1410 284 1512 324 hunc

201 357 330 385 autem
366 344 642 384 accelerationis
675 346 879 385 terminum
916 343 1114 397 postquam
1150 345 1388 399 transgressae
1415 348 1510 400 sunt,

203 410 312 449 sonus
352 409 430 447 iam
471 407 678 461 percipitur
704 440 714 458 ‚
756 408 874 461 qualis
894 407 931 446 in
957 408 1159 448 crembalis
1188 409 1340 450 vibratis
1366 413 1506 452 oritur:

204 473 294 513 hinc
328 472 452 511 anfiim
487 471 573 523 cepi
607 470 798 511 theoriam
833 470 932 510 hauc
966 483 985 510 a
1019 470 1167 510 theoria
1200 474 1381 514 tonorum
1415 488 1510 516 con-

203 535 355 577 firmare
375 568 386 586 ,
419 534 587 587 istudque
623 534 766 586 negotii
800 533 878 574 hoc
910 534 1031 573 modo
1063 532 1251 587 aggressus
1278 535 1371 576 sum.

318 599 352 647 ξ.
391 608 457 646 15.
494 597 806 651 Expcv‘ilnentzmt.
871 596 1003 637 Acum
1038 596 1192 638 adhibui
1226 598 1410 649 ferream,
1430 599 1514 654 qui-

202 662 271 703 bus
312 665 350 702 in
385 661 557 701 texendis
600 660 789 701 tibialibus
820 670 1009 711 Vtuntur,
1043 661 1216 702 crailitiei
1248 663 1430 704 dimidiae
1465 665 1514 705 li-

199 738 292 766 neae
327 724 538 778 proxime:
575 723 774 776 longitudo
803 734 882 764 erat
914 734 1001 772 327
1023 725 1287 778 particularum
1308 760 1318 779 ,
1351 740 1512 781 quarum

200 792 318 840 3166
350 787 522 828 efficiunt
553 787 829 840 longitudinem
862 788 1019 842 penduli
1053 788 1232 843 simplicis
1275 791 1321 831 ad
1361 792 1511 831 minuta

196 852 353 893 lecunda
384 850 611 891 osculantis:
647 852 797 904 pondus
830 864 917 891 acus
959 860 1039 891 erat
1074 862 1129 900 17
1179 865 1418 905 granorum:
1469 867 1506 894 a-

198 928 286 956 cum
320 914 417 954 hanc
452 915 586 968 parieti
618 913 783 955 firmiter
813 924 852 954 et
885 915 1176 955 horizontaliter
1215 916 1327 957 infixi
1368 920 1420 958 ita
1462 927 1508 958 vt

198 979 396 1032 longitudo
429 978 570 1019 residua
601 988 711 1019 extra
752 981 940 1032 parietem
994 980 1220 1032 prominens
1271 978 1367 1021 effet
1421 992 1508 1031 297

196 1043 362 1096 partium
398 1041 623 1095 haberetque
656 1043 804 1094 pondus
843 1043 993 1082 circiter
1030 1052 1121 1091 15}
1164 1057 1399 1096 granorum:
1442 1057 1511 1085 ex-

199 1107 385 1146 tremitati
417 1118 508 1146 acus
538 1107 592 1145 ita
625 1105 798 1145 firmatae
831 1106 998 1159 appendi
1042 1109 1195 1160 pondus
1234 1108 1395 1148 duarum
1440 1121 1513 1149 vn-

197 1171 340 1210 ciarum
376 1181 465 1208 cum
498 1169 676 1222 scrupulis
708 1169 852 1209 duobus
882 1170 940 1209 seu
981 1181 1098 1208 1000
1115 1182 1348 1222 granorum:
1380 1182 1513 1212 extre-

201 1233 315 1272 mitas
346 1244 432 1278 acus
465 1233 510 1271 ab
544 1231 620 1271 hoc
653 1232 825 1283 pondere
856 1230 1029 1271 inferiora
1063 1234 1190 1272 versus
1220 1233 1338 1273 tradi-,1
1370 1234 1439 1275 fuit
1453 1245 1510 1283 27

203 1296 422 1348 particulis:
458 1296 608 1347 pondus
637 1305 765 1334 autem
799 1308 883 1335 acus
908 1295 1019 1348 ipsius
1060 1295 1124 1334 hic
1155 1298 1298 1336 attendi
1330 1310 1408 1337 non
1428 1310 1513 1338 me·

200 1367 311 1408 retur,
345 1356 559 1412 praesertim
578 1371 667 1397 cum
703 1360 780 1397 iam
814 1369 902 1398 ante
940 1359 1088 1411 pondus
1131 1360 1341 1412 appensum
1384 1363 1512 1402 incur-

201 1422 329 1461 vando
362 1421 556 1474 paululum
590 1433 700 1460 acum
735 1423 902 1461 exererit
935 1422 1116 1461 effectum
1151 1422 1268 1463 [unm.

316 1484 371 1524 Vt
389 1485 466 1524 iam
489 1484 684 1524 videamus
711 1497 914 1525 numerum
933 1484 1216 1537 vibrationum,
1238 1498 1328 1540 quas
1346 1499 1434 1527 acus
1451 1488 1513 1528 vi-

200 1548 304 1588 brata
324 1549 419 1588 intra
453 1548 646 1590 minimum
681 1547 880 1589 secuudum
916 1546 1100 1601 perficere
1117 1549 1279 1600 debeat,
1316 1550 1515 1592 adhibebi-

200 1624 284 1652 mus
301 1610 501 1651 formulam
523 1644 534 1662 ,
566 1624 678 1665 quam
701 1611 733 1658 ξ.
750 1625 789 1660 9.
812 1613 983 1652 dedimus
1001 1625 1074 1665 pro
1097 1612 1333 1665 longitudine
1355 1615 1513 1667 penduli

200 1683 416 1733 isochroni,
436 1693 577 1734 nempe
596 1678 686 1720 L:
707 1673 820 1742 g—{C
841 1716 851 1734 ,
885 1684 926 1722 in
960 1694 1033 1733 qua
1067 1681 1108 1720 vi
1144 1683 1402 1735 experimenti
1436 1698 1508 1738 po-

199 1746 365 1787 nendum
408 1745 460 1785 est
497 1754 526 1800 p
542 1758 597 1783 z
623 1753 698 1794 153
719 1760 825 1800 gran.
847 1747 875 1786 P
894 1760 947 1786 z
971 1757 1085 1783 1000
1106 1759 1212 1799 gran.
1252 1756 1292 1785 et
1323 1744 1357 1786 C
1375 1754 1432 1786 'z
1453 1759 1509 1798 27

199 1820 294 1863 part.
340 1809 472 1862 quibus
511 1809 711 1850 substitutis
754 1811 919 1851 numeris
952 1808 997 1848 fit
1031 1808 1184 1848 L--o
1206 1843 1216 1861 ,
1259 1821 1372 1858 1025
1410 1823 1509 1864 part.

203 1872 410 1925 pendulum
448 1882 574 1912 autem
609 1873 773 1926 simplex
805 1873 1049 1927 longitudinis
1084 1885 1110 1911 0
1134 1906 1144 1923 ‚
1185 1885 1297 1922 1025·
1336 1885 1432 1927 part.
1463 1875 1507 1916 ffi-

201 1937 253 1974 cit
291 1946 370 1983 175
411 1936 639 1976 vibrationes
672 1939 770 1977 intra
804 1940 997 1978 minutum
1031 1936 1231 1978 secundum
1252 1971 1262 1989 ,
1297 1938 1434 1991 hicque
1455 1941 1513 1980 vi-

202 1998 416 2038 brationum
452 2013 625 2040 numerus
655 2003 836 2054 proxime
867 2001 1049 2041 conuenit
1080 2000 1174 2040 sono
1205 2001 1349 2041 chor-ali
1369 2004 1431 2055 qni
1451 2003 1511 2043 lit-

201 2071 279 2101 tera
311 2060 350 2103 G
383 2061 604 2116 designatur.
667 2065 773 2105 Tum
808 2066 970 2106 demum
1003 2065 1150 2106 vibrata
1174 2078 1242 2105 acu
1262 2066 1396 2106 ionum
1427 2069 1512 2107 vni-

806 2128 833 2168 P
855 2142 878 2179 3
1379 2127 1511 2170 sonum
